"Account","Flag","Check Number","Date","Payee","Category","Master Category","Sub Category","Memo","Outflow","Inflow","Cleared","Running Balance"
"Current Account",,,14/07/2015,"Starting Balance","Income:Available this month","Income","Available this month",,£0.00,£716.95,C,£716.95
"Current Account",,,16/07/2015,"Giffgaff","Monthly Bills:Phone","Monthly Bills","Phone",,£15.00,£0.00,C,£701.95
"Current Account",,,16/07/2015,"ATM","Everyday Expenses:Cash","Everyday Expenses","Cash",,£20.00,£0.00,C,£681.95
"Current Account",,,20/07/2015,"SkyRewards","Everyday Expenses:Spending Money","Everyday Expenses","Spending Money",,£11.00,£0.00,C,£670.95
"Current Account",,,21/07/2015,"Rent","Monthly Bills:Rent/Mortgage","Monthly Bills","Rent/Mortgage",,£665.00,£0.00,C,£5.95
"Current Account",,,24/07/2015,"Sky","Income:Available this month","Income","Available this month",,£0.00,£108.10,C,£114.05
"Current Account",,,24/07/2015,"Sky Restaurant","Everyday Expenses:Restaurants","Everyday Expenses","Restaurants",,£20.00,£0.00,C,£94.05
"Current Account",,,25/07/2015,"Sky UK Limited","Income:Available next month","Income","Available next month",,£0.00,£1970.51,C,£2064.56
"Current Account",,,25/07/2015,"tesco","Everyday Expenses:Groceries","Everyday Expenses","Groceries",,£16.50,£0.00,C,£2048.06
"Current Account",,,27/07/2015,"Transfer : Halifax Clarity Mastercard",,,,,£28.45,£0.00,C,£2019.61
"Current Account",,,28/07/2015,"Spotify","Everyday Expenses:Groceries","Everyday Expenses","Groceries",,£9.99,£0.00,C,£2009.62
"Current Account",,,01/08/2015,"Road tax","Monthly Bills:Road Tax","Monthly Bills","Road Tax",,£12.68,£0.00,C,£1996.94
"Current Account",,,03/08/2015,"Richmond Council","Monthly Bills:Council tax","Monthly Bills","Council tax",,£271.53,£0.00,C,£1725.41
"Current Account",,,05/08/2015,"SkyRewards","Everyday Expenses:Spending Money","Everyday Expenses","Spending Money",,£11.00,£0.00,C,£1714.41
"Current Account",,,05/08/2015,"Transfer : Amex",,,,,£630.76,£0.00,C,£1083.65
"Current Account",,,06/08/2015,"Netflix","Everyday Expenses:Spending Money","Everyday Expenses","Spending Money",,£5.99,£0.00,C,£1077.66
"Current Account",,,06/08/2015,"Sky Restaurant","Everyday Expenses:Sky Restaurant","Everyday Expenses","Sky Restaurant",,£20.00,£0.00,C,£1057.66
"Current Account",,,10/08/2015,"James","Monthly Bills:Council tax","Monthly Bills","Council tax",,£0.00,£90.51,C,£1148.17
"Current Account",,,10/08/2015,"Paddy","Monthly Bills:Council tax","Monthly Bills","Council tax",,£0.00,£90.51,C,£1238.68
"Current Account",,,11/08/2015,"Rodizio Rico","Everyday Expenses:Spending Money","Everyday Expenses","Spending Money",,£35.00,£0.00,C,£1203.68
"Current Account",,,13/08/2015,"ATM","Everyday Expenses:Cash","Everyday Expenses","Cash",,£100.00,£0.00,C,£1103.68
"Current Account",,,15/08/2015,"Giffgaff","Monthly Bills:Phone","Monthly Bills","Phone",,£15.00,£0.00,C,£1088.68
"Current Account",,,18/08/2015,"Transfer : Barclays ISA",,,,,£0.00,£200.00,C,£1288.68
"Current Account",,,18/08/2015,"Sky Restaurant","Everyday Expenses:Sky Restaurant","Everyday Expenses","Sky Restaurant",,£20.00,£0.00,C,£1268.68
"Current Account",,,18/08/2015,"Gas","Monthly Bills:Natural Gas/Propane/Oil","Monthly Bills","Natural Gas/Propane/Oil",,£23.66,£0.00,C,£1245.02
"Current Account",,,18/08/2015,"Electricity","Monthly Bills:Electricity","Monthly Bills","Electricity",,£46.23,£0.00,C,£1198.79
"Current Account",,,20/08/2015,"Camilla May","Everyday Expenses:Spending Money","Everyday Expenses","Spending Money",,£11.60,£0.00,C,£1187.19
"Current Account",,,21/08/2015,"Rent","Monthly Bills:Rent/Mortgage","Monthly Bills","Rent/Mortgage",,£665.00,£0.00,C,£522.19
"Current Account",,,27/08/2015,"Sky","Income:Available next month","Income","Available next month",,£0.00,£1950.71,C,£2472.90
"Current Account",,,29/08/2015,"ATM","Everyday Expenses:Spending Money","Everyday Expenses","Spending Money",,£30.00,£0.00,C,£2442.90
"Current Account",,,01/09/2015,"James","Monthly Bills:Council tax","Monthly Bills","Council tax",,£0.00,£89.67,C,£2532.57
"Current Account",,,01/09/2015,"Cineworld","Everyday Expenses:Spending Money","Everyday Expenses","Spending Money",,£1.00,£0.00,C,£2531.57
"Current Account",,,01/09/2015,"Spotify","Everyday Expenses:Spending Money","Everyday Expenses","Spending Money",,£9.99,£0.00,C,£2521.58
"Current Account",,,01/09/2015,"SkyRewards","Everyday Expenses:Spending Money","Everyday Expenses","Spending Money",,£11.00,£0.00,C,£2510.58
"Current Account",,,01/09/2015,"Road tax","Monthly Bills:Road Tax","Monthly Bills","Road Tax",,£12.68,£0.00,C,£2497.90
"Current Account",,,01/09/2015,"ATM","Everyday Expenses:Spending Money","Everyday Expenses","Spending Money",,£20.00,£0.00,C,£2477.90
"Current Account",,,01/09/2015,"Richmond Council","Monthly Bills:Council tax","Monthly Bills","Council tax",,£269.00,£0.00,C,£2208.90
"Current Account",,,02/09/2015,"Sky Restaurant","Everyday Expenses:Sky Restaurant","Everyday Expenses","Sky Restaurant",,£20.00,£0.00,C,£2188.90
"Current Account",,,04/09/2015,"ATM","Everyday Expenses:Spending Money","Everyday Expenses","Spending Money",,£10.00,£0.00,C,£2178.90
"Current Account",,,05/09/2015,"Paddy","Monthly Bills:Council tax","Monthly Bills","Council tax",,£0.00,£89.67,C,£2268.57
"Current Account",,,07/09/2015,"Netflix","Everyday Expenses:Spending Money","Everyday Expenses","Spending Money",,£5.99,£0.00,C,£2262.58
"Current Account",,,07/09/2015,"Transfer : Amex",,,,,£277.20,£0.00,C,£1985.38
"Current Account",,,08/09/2015,"SkyRewards","Everyday Expenses:Spending Money","Everyday Expenses","Spending Money",,£11.00,£0.00,C,£1974.38
"Current Account",,,08/09/2015,"James","Rainy Day Funds:Emergency Fund","Rainy Day Funds","Emergency Fund",,£48.50,£0.00,C,£1925.88
"Current Account",,,09/09/2015,"Burger King","Everyday Expenses:Spending Money","Everyday Expenses","Spending Money",,£13.38,£0.00,C,£1912.50
"Current Account",,,10/09/2015,"Sky Restaurant","Everyday Expenses:Sky Restaurant","Everyday Expenses","Sky Restaurant",,£20.00,£0.00,C,£1892.50
"Current Account",,,12/09/2015,"ATM","Everyday Expenses:Spending Money","Everyday Expenses","Spending Money",,£30.00,£0.00,C,£1862.50
"Current Account",,,13/09/2015,"Santander Cycles","Everyday Expenses:Spending Money","Everyday Expenses","Spending Money",,£2.00,£0.00,C,£1860.50
"Current Account",,,13/09/2015,"Santander Cycles","Everyday Expenses:Spending Money","Everyday Expenses","Spending Money",,£6.00,£0.00,C,£1854.50
"Current Account",,,16/09/2015,"Giffgaff","Monthly Bills:Phone","Monthly Bills","Phone",,£15.00,£0.00,C,£1839.50
"Current Account",,,21/09/2015,"Sky Restaurant","Everyday Expenses:Sky Restaurant","Everyday Expenses","Sky Restaurant",,£20.00,£0.00,C,£1819.50
"Current Account",,,21/09/2015,"Rent","Monthly Bills:Rent/Mortgage","Monthly Bills","Rent/Mortgage",,£665.00,£0.00,C,£1154.50
"Current Account",,,25/09/2015,"Sky UK Limited","Income:Available next month","Income","Available next month",,£0.00,£1950.51,C,£3105.01
"Current Account",,,01/10/2015,"James","Monthly Bills:Council tax","Monthly Bills","Council tax",,£0.00,£89.67,C,£3194.68
"Current Account",,,01/10/2015,"Paddy","Monthly Bills:Council tax","Monthly Bills","Council tax",,£0.00,£89.67,C,£3284.35
"Current Account",,,01/10/2015,"Spotify","Everyday Expenses:Spending Money","Everyday Expenses","Spending Money",,£9.99,£0.00,C,£3274.36
"Current Account",,,01/10/2015,"Pryzm","Everyday Expenses:Spending Money","Everyday Expenses","Spending Money",,£11.00,£0.00,C,£3263.36
"Current Account",,,01/10/2015,"tesco","Everyday Expenses:Groceries","Everyday Expenses","Groceries",,£11.84,£0.00,C,£3251.52
"Current Account",,,01/10/2015,"Road tax","Monthly Bills:Road Tax","Monthly Bills","Road Tax",,£12.68,£0.00,C,£3238.84
"Current Account",,,01/10/2015,"Man Vs Food","Everyday Expenses:Restaurants","Everyday Expenses","Restaurants",,£12.70,£0.00,C,£3226.14
"Current Account",,,01/10/2015,"ATM","Everyday Expenses:Cash","Everyday Expenses","Cash",,£20.00,£0.00,C,£3206.14
"Current Account",,,01/10/2015,"ATM","Everyday Expenses:Cash","Everyday Expenses","Cash",,£20.00,£0.00,C,£3186.14
"Current Account",,,01/10/2015,"Sky Restaurant","Everyday Expenses:Sky Restaurant","Everyday Expenses","Sky Restaurant",,£20.00,£0.00,C,£3166.14
"Current Account",,,01/10/2015,"Richmond Council","Monthly Bills:Council tax","Monthly Bills","Council tax",,£269.00,£0.00,C,£2897.14
"Current Account",,,02/10/2015,"subway","Everyday Expenses:Spending Money","Everyday Expenses","Spending Money",,£5.00,£0.00,C,£2892.14
"Current Account",,,03/10/2015,"pub","Everyday Expenses:Spending Money","Everyday Expenses","Spending Money",,£9.04,£0.00,C,£2883.10
"Current Account",,,05/10/2015,"Glastonbury","Rainy Day Funds:Emergency Fund","Rainy Day Funds","Emergency Fund",,£50.00,£0.00,C,£2833.10
"Current Account",,,06/10/2015,"Netflix","Everyday Expenses:Spending Money","Everyday Expenses","Spending Money",,£5.99,£0.00,C,£2827.11
"Current Account",,,06/10/2015,"Transfer : Amex",,,,,£494.65,£0.00,C,£2332.46
"Current Account",,,08/10/2015,"ATM","Everyday Expenses:Cash","Everyday Expenses","Cash",,£5.00,£0.00,C,£2327.46
"Current Account",,,08/10/2015,"taste Of Lahore","Everyday Expenses:Restaurants","Everyday Expenses","Restaurants",,£5.00,£0.00,C,£2322.46
"Current Account",,,09/10/2015,"ATM","Everyday Expenses:Cash","Everyday Expenses","Cash",,£20.00,£0.00,C,£2302.46
"Current Account",,,11/10/2015,"Dominos","Everyday Expenses:Restaurants","Everyday Expenses","Restaurants",,£22.99,£0.00,C,£2279.47
"Current Account",,,11/10/2015,"Thames Water","Monthly Bills:Water","Monthly Bills","Water",,£114.23,£0.00,C,£2165.24
"Current Account",,,12/10/2015,"Paddy","Monthly Bills:Water","Monthly Bills","Water",,£0.00,£38.08,C,£2203.32
"Current Account",,,13/10/2015,"Sky Restaurant","Everyday Expenses:Sky Restaurant","Everyday Expenses","Sky Restaurant",,£20.00,£0.00,C,£2183.32
"Current Account",,,14/10/2015,"James","Monthly Bills:Water","Monthly Bills","Water",,£0.00,£38.08,C,£2221.40
"Current Account",,,15/10/2015,"Giffgaff","Monthly Bills:Phone","Monthly Bills","Phone",,£15.00,£0.00,C,£2206.40
"Current Account",,,17/10/2015,"Bola autos","Rainy Day Funds:Car MOT","Rainy Day Funds","Car MOT",,£50.00,£0.00,C,£2156.40
"Current Account",,,21/10/2015,"Rent","Monthly Bills:Rent/Mortgage","Monthly Bills","Rent/Mortgage",,£665.00,£0.00,C,£1491.40
"Current Account",,,25/10/2015,"Lastminute.com","Rainy Day Funds:Emergency Fund","Rainy Day Funds","Emergency Fund",,£231.39,£0.00,C,£1260.01
"Current Account",,,26/10/2015,"Sky Restaurant","Everyday Expenses:Sky Restaurant","Everyday Expenses","Sky Restaurant",,£20.00,£0.00,C,£1240.01
"Current Account",,,27/10/2015,"Sky UK Limited","Income:Available next month","Income","Available next month",,£0.00,£1950.71,C,£3190.72
"Current Account",,,01/11/2015,"Spotify","Everyday Expenses:Spending Money","Everyday Expenses","Spending Money",,£9.99,£0.00,C,£3180.73
"Current Account",,,01/11/2015,"Road tax","Monthly Bills:Road Tax","Monthly Bills","Road Tax",,£12.68,£0.00,C,£3168.05
"Current Account",,,01/11/2015,"Ross Poole","Everyday Expenses:Spending Money","Everyday Expenses","Spending Money",,£15.00,£0.00,C,£3153.05
"Current Account",,,01/11/2015,"ATM","Everyday Expenses:Cash","Everyday Expenses","Cash",,£20.00,£0.00,C,£3133.05
"Current Account",,,02/11/2015,"James","Monthly Bills:Council tax","Monthly Bills","Council tax",,£0.00,£89.67,C,£3222.72
"Current Account",,,02/11/2015,"Paddy","Monthly Bills:Council tax","Monthly Bills","Council tax",,£0.00,£89.67,C,£3312.39
"Current Account",,,02/11/2015,"Stacey","Everyday Expenses:Clothing","Everyday Expenses","Clothing",,£0.00,£30.00,C,£3342.39
"Current Account",,,02/11/2015,"amigos","Everyday Expenses:Restaurants","Everyday Expenses","Restaurants",,£10.00,£0.00,C,£3332.39
"Current Account",,,02/11/2015,"monkey's forehead","Everyday Expenses:Restaurants","Everyday Expenses","Restaurants",,£14.50,£0.00,C,£3317.89
"Current Account",,,02/11/2015,"ATM","Everyday Expenses:Cash","Everyday Expenses","Cash",,£20.00,£0.00,C,£3297.89
"Current Account",,,02/11/2015,"Richmond Council","Monthly Bills:Council tax","Monthly Bills","Council tax",,£269.00,£0.00,C,£3028.89
"Current Account",,,05/11/2015,"Netflix","Everyday Expenses:Spending Money","Everyday Expenses","Spending Money",,£5.99,£0.00,C,£3022.90
"Current Account",,,05/11/2015,"Kingston Fireworks","Everyday Expenses:Spending Money","Everyday Expenses","Spending Money",,£8.80,£0.00,C,£3014.10
"Current Account",,,05/11/2015,"Transfer : Amex",,,,,£461.69,£0.00,C,£2552.41
"Current Account",,,07/11/2015,"Paddy","Everyday Expenses:Groceries","Everyday Expenses","Groceries",,£10.00,£0.00,C,£2542.41
"Current Account",,,09/11/2015,"Sky Restaurant","Everyday Expenses:Sky Restaurant","Everyday Expenses","Sky Restaurant",,£20.00,£0.00,C,£2522.41
"Current Account",,,09/11/2015,"James","Monthly Bills:Electricity","Monthly Bills","Electricity",,£35.54,£0.00,C,£2486.87
"Current Account",,,09/11/2015,"James","Monthly Bills:Natural Gas/Propane/Oil","Monthly Bills","Natural Gas/Propane/Oil",,£36.06,£0.00,C,£2450.81
"Current Account",,,10/11/2015,"SkyRewards","Everyday Expenses:Spending Money","Everyday Expenses","Spending Money",,£11.00,£0.00,C,£2439.81
"Current Account",,,15/11/2015,"Giffgaff","Monthly Bills:Phone","Monthly Bills","Phone",,£15.00,£0.00,C,£2424.81
"Current Account",,,20/11/2015,"ATM","Everyday Expenses:Cash","Everyday Expenses","Cash",,£20.00,£0.00,C,£2404.81
"Current Account",,,21/11/2015,"Rent","Monthly Bills:Rent/Mortgage","Monthly Bills","Rent/Mortgage",,£665.00,£0.00,C,£1739.81
"Current Account",,,23/11/2015,"SkyRewards","Everyday Expenses:Spending Money","Everyday Expenses","Spending Money",,£4.62,£0.00,C,£1735.19
"Current Account",,,23/11/2015,"Sky Restaurant","Everyday Expenses:Sky Restaurant","Everyday Expenses","Sky Restaurant",,£20.00,£0.00,C,£1715.19
"Current Account",,,24/11/2015,"subway","Everyday Expenses:Spending Money","Everyday Expenses","Spending Money",,£5.00,£0.00,C,£1710.19
"Current Account",,,26/11/2015,"Chickzee","Everyday Expenses:Spending Money","Everyday Expenses","Spending Money",,£5.00,£0.00,C,£1705.19
"Current Account",,,27/11/2015,"Sky UK Limited","Income:Available next month","Income","Available next month",,£0.00,£1950.51,C,£3655.70
"Current Account",,,30/11/2015,"Transfer : Barclays ISA",,,,,£390.53,£0.00,C,£3265.17
"Current Account",,,01/12/2015,"James","Monthly Bills:Council tax","Monthly Bills","Council tax",,£0.00,£89.67,C,£3354.84
"Current Account",,,01/12/2015,"Paddy","Monthly Bills:Council tax","Monthly Bills","Council tax",,£0.00,£89.67,C,£3444.51
"Current Account",,,01/12/2015,"Spotify","Everyday Expenses:Spending Money","Everyday Expenses","Spending Money",,£9.99,£0.00,C,£3434.52
"Current Account",,,01/12/2015,"Road tax","Monthly Bills:Road Tax","Monthly Bills","Road Tax",,£12.68,£0.00,C,£3421.84
"Current Account",,,01/12/2015,"ATM","Everyday Expenses:Cash","Everyday Expenses","Cash",,£30.00,£0.00,C,£3391.84
"Current Account",,,01/12/2015,"Richmond Council","Monthly Bills:Council tax","Monthly Bills","Council tax",,£269.00,£0.00,C,£3122.84
"Current Account",,,04/12/2015,"Just Eat","Everyday Expenses:Restaurants","Everyday Expenses","Restaurants",,£25.20,£0.00,C,£3097.64
"Current Account",,,05/12/2015,"Netflix","Everyday Expenses:Spending Money","Everyday Expenses","Spending Money",,£5.99,£0.00,C,£3091.65
"Current Account",,,05/12/2015,"MenKind","Rainy Day Funds:Christmas","Rainy Day Funds","Christmas",,£23.03,£0.00,C,£3068.62
"Current Account",,,07/12/2015,"Transfer : Amex",,,,,£419.59,£0.00,C,£2649.03
"Current Account",,,08/12/2015,"Sky Restaurant","Everyday Expenses:Sky Restaurant","Everyday Expenses","Sky Restaurant",,£20.00,£0.00,C,£2629.03
"Current Account",,,13/12/2015,"MenKind","Rainy Day Funds:Christmas","Rainy Day Funds","Christmas",,£20.03,£0.00,C,£2609.00
"Current Account",,,16/12/2015,"Giffgaff","Monthly Bills:Phone","Monthly Bills","Phone",,£15.00,£0.00,C,£2594.00
"Current Account",,,16/12/2015,"Montys","Everyday Expenses:Restaurants","Everyday Expenses","Restaurants",,£20.00,£0.00,C,£2574.00
"Current Account",,,17/12/2015,"SkyRewards","Everyday Expenses:Spending Money","Everyday Expenses","Spending Money",,£27.50,£0.00,C,£2546.50
"Current Account",,,17/12/2015,"ATM","Everyday Expenses:Cash","Everyday Expenses","Cash",,£30.00,£0.00,C,£2516.50
"Current Account",,,20/12/2015,"zac","Everyday Expenses:Spending Money","Everyday Expenses","Spending Money",,£0.00,£6.00,C,£2522.50
"Current Account",,,21/12/2015,"Rent","Monthly Bills:Rent/Mortgage","Monthly Bills","Rent/Mortgage",,£665.00,£0.00,C,£1857.50
"Current Account",,,23/12/2015,"Sky UK Limited","Income:Available next month","Income","Available next month",,£0.00,£1950.71,C,£3808.21
"Current Account",,,23/12/2015,"Persian Palace","Everyday Expenses:Restaurants","Everyday Expenses","Restaurants",,£11.00,£0.00,C,£3797.21
"Current Account",,,23/12/2015,"Transfer : Barclays ISA",,,,,£169.79,£0.00,C,£3627.42
"Current Account",,,24/12/2015,"Sky Restaurant","Everyday Expenses:Sky Restaurant","Everyday Expenses","Sky Restaurant",,£20.00,£0.00,C,£3607.42
"Current Account",,,28/12/2015,"Spotify","Everyday Expenses:Spending Money","Everyday Expenses","Spending Money",,£9.99,£0.00,C,£3597.43
"Current Account",,,28/12/2015,"Mum","Rainy Day Funds:Christmas","Rainy Day Funds","Christmas",,£17.50,£0.00,C,£3579.93
"Current Account",,,01/01/2016,"Road tax","Monthly Bills:Road Tax","Monthly Bills","Road Tax",,£12.68,£0.00,C,£3567.25
"Current Account",,,01/01/2016,"Spice Of India","Everyday Expenses:Restaurants","Everyday Expenses","Restaurants",,£35.00,£0.00,C,£3532.25
"Current Account",,,04/01/2016,"James","Monthly Bills:Council tax","Monthly Bills","Council tax",,£0.00,£89.67,C,£3621.92
"Current Account",,,04/01/2016,"Paddy","Monthly Bills:Council tax","Monthly Bills","Council tax",,£0.00,£89.67,C,£3711.59
"Current Account",,,04/01/2016,"Netflix","Everyday Expenses:Spending Money","Everyday Expenses","Spending Money",,£5.99,£0.00,C,£3705.60
"Current Account",,,04/01/2016,"Richmond Council","Monthly Bills:Council tax","Monthly Bills","Council tax",,£269.00,£0.00,C,£3436.60
"Current Account",,,04/01/2016,"SkyRewards","Everyday Expenses:Spending Money","Everyday Expenses","Spending Money",,£805.00,£0.00,C,£2631.60
"Current Account",,,07/01/2016,"Stacey","Everyday Expenses:Spending Money","Everyday Expenses","Spending Money",,£0.00,£810.00,C,£3441.60
"Current Account",,,07/01/2016,"Transfer : Amex",,,,,£533.99,£0.00,C,£2907.61
"Current Account",,,10/01/2016,"Just Eat","Everyday Expenses:Restaurants","Everyday Expenses","Restaurants",,£20.96,£0.00,C,£2886.65
"Current Account",,,15/01/2016,"SkyRewards","Everyday Expenses:Spending Money","Everyday Expenses","Spending Money",,£11.00,£0.00,C,£2875.65
"Current Account",,,15/01/2016,"Giffgaff","Monthly Bills:Phone","Monthly Bills","Phone",,£15.00,£0.00,C,£2860.65
"Current Account",,,15/01/2016,"ATM","Everyday Expenses:Cash","Everyday Expenses","Cash",,£20.00,£0.00,C,£2840.65
"Current Account",,,18/01/2016,"Sky Restaurant","Everyday Expenses:Sky Restaurant","Everyday Expenses","Sky Restaurant",,£20.00,£0.00,C,£2820.65
"Current Account",,,19/01/2016,"Ross Poole","Everyday Expenses:Spending Money","Everyday Expenses","Spending Money",,£15.00,£0.00,C,£2805.65
"Current Account",,,20/01/2016,"zac","Rainy Day Funds:Emergency Fund","Rainy Day Funds","Emergency Fund",,£120.00,£0.00,C,£2685.65
"Current Account",,,21/01/2016,"Rent","Monthly Bills:Rent/Mortgage","Monthly Bills","Rent/Mortgage",,£665.00,£0.00,C,£2020.65
"Current Account",,,27/01/2016,"Sky UK Limited","Income:Available next month","Income","Available next month",,£0.00,£1850.51,C,£3871.16
"Current Account",,,27/01/2016,"Transfer : Barclays ISA",,,,,£80.00,£0.00,C,£3791.16
"Current Account",,,29/01/2016,"Spotify","Everyday Expenses:Spending Money","Everyday Expenses","Spending Money",,£9.99,£0.00,C,£3781.17
"Current Account",,,29/01/2016,"ATM","Everyday Expenses:Cash","Everyday Expenses","Cash",,£20.00,£0.00,C,£3761.17
"Current Account",,,29/01/2016,"Transfer : Barclays ISA",,,,,£72.60,£0.00,C,£3688.57
"Current Account",,,01/02/2016,"James","Monthly Bills:Council tax","Monthly Bills","Council tax",,£0.00,£89.67,C,£3778.24
"Current Account",,,01/02/2016,"Paddy","Monthly Bills:Council tax","Monthly Bills","Council tax",,£0.00,£89.67,C,£3867.91
"Current Account",,,01/02/2016,"Uber","Everyday Expenses:Spending Money","Everyday Expenses","Spending Money",,£10.00,£0.00,C,£3857.91
"Current Account",,,01/02/2016,"Road tax","Monthly Bills:Road Tax","Monthly Bills","Road Tax",,£12.68,£0.00,C,£3845.23
"Current Account",,,01/02/2016,"Sky Restaurant","Everyday Expenses:Sky Restaurant","Everyday Expenses","Sky Restaurant",,£20.00,£0.00,C,£3825.23
"Current Account",,,01/02/2016,"Richmond Council","Monthly Bills:Council tax","Monthly Bills","Council tax",,£269.00,£0.00,C,£3556.23
"Current Account",,,02/02/2016,"Endsleigh","Rainy Day Funds:Car Insurance","Rainy Day Funds","Car Insurance",,£634.96,£0.00,C,£2921.27
"Current Account",,,04/02/2016,"SkyRewards","Everyday Expenses:Spending Money","Everyday Expenses","Spending Money",,£11.00,£0.00,C,£2910.27
"Current Account",,,05/02/2016,"Netflix","Everyday Expenses:Spending Money","Everyday Expenses","Spending Money",,£5.99,£0.00,C,£2904.28
"Current Account",,,05/02/2016,"Transfer : Amex",,,,,£408.40,£0.00,C,£2495.88
"Current Account",,,06/02/2016,"W H Smith","Everyday Expenses:Spending Money","Everyday Expenses","Spending Money",,£9.99,£0.00,C,£2485.89
"Current Account",,,06/02/2016,"Bakery","Everyday Expenses:Restaurants","Everyday Expenses","Restaurants",,£12.90,£0.00,C,£2472.99
"Current Account",,,11/02/2016,"ATM","Everyday Expenses:Restaurants","Everyday Expenses","Restaurants",,£20.00,£0.00,C,£2452.99
"Current Account",,,13/02/2016,"zac","Everyday Expenses:Restaurants","Everyday Expenses","Restaurants",,£20.00,£0.00,C,£2432.99
"Current Account",,,16/02/2016,"Giffgaff","Monthly Bills:Phone","Monthly Bills","Phone",,£15.00,£0.00,C,£2417.99
"Current Account",,,17/02/2016,"Electricity","Monthly Bills:Electricity","Monthly Bills","Electricity",,£43.97,£0.00,C,£2374.02
"Current Account",,,17/02/2016,"Gas","Monthly Bills:Natural Gas/Propane/Oil","Monthly Bills","Natural Gas/Propane/Oil",,£91.67,£0.00,C,£2282.35
"Current Account",,,19/02/2016,"ATM","Everyday Expenses:Spending Money","Everyday Expenses","Spending Money",,£10.00,£0.00,C,£2272.35
"Current Account",,,19/02/2016,"Sky Restaurant","Everyday Expenses:Sky Restaurant","Everyday Expenses","Sky Restaurant",,£20.00,£0.00,C,£2252.35
"Current Account",,,21/02/2016,"Rent","Monthly Bills:Rent/Mortgage","Monthly Bills","Rent/Mortgage",,£665.00,£0.00,C,£1587.35
"Current Account",,,24/02/2016,"SkyRewards","Everyday Expenses:Spending Money","Everyday Expenses","Spending Money",,£11.00,£0.00,C,£1576.35
"Current Account",,,26/02/2016,"Sky UK Limited","Income:Available next month","Income","Available next month",,£0.00,£1850.71,C,£3427.06
"Current Account",,,28/02/2016,"Transfer : Barclays ISA",,,,,£200.00,£0.00,C,£3227.06
"Current Account",,,29/02/2016,"Spotify","Everyday Expenses:Spending Money","Everyday Expenses","Spending Money",,£9.99,£0.00,C,£3217.07
"Current Account",,,01/03/2016,"James","Monthly Bills:Council tax","Monthly Bills","Council tax",,£0.00,£89.67,C,£3306.74
"Current Account",,,01/03/2016,"Paddy","Monthly Bills:Council tax","Monthly Bills","Council tax",,£0.00,£89.67,C,£3396.41
"Current Account",,,01/03/2016,"Road tax","Monthly Bills:Road Tax","Monthly Bills","Road Tax",,£12.68,£0.00,C,£3383.73
"Current Account",,,01/03/2016,"Richmond Council","Monthly Bills:Council tax","Monthly Bills","Council tax",,£269.00,£0.00,C,£3114.73
"Current Account",,,03/03/2016,"ATM","Everyday Expenses:Spending Money","Everyday Expenses","Spending Money",,£10.00,£0.00,C,£3104.73
"Current Account",,,05/03/2016,"Netflix","Everyday Expenses:Spending Money","Everyday Expenses","Spending Money",,£5.99,£0.00,C,£3098.74
"Current Account",,,07/03/2016,"Sky Restaurant","Everyday Expenses:Sky Restaurant","Everyday Expenses","Sky Restaurant",,£20.00,£0.00,C,£3078.74
"Current Account",,,07/03/2016,"Transfer : Amex",,,,,£364.78,£0.00,C,£2713.96
"Current Account",,,08/03/2016,"taste Of Lahore","Everyday Expenses:Restaurants","Everyday Expenses","Restaurants",,£5.00,£0.00,C,£2708.96
"Current Account",,,08/03/2016,"Uber","Everyday Expenses:Spending Money","Everyday Expenses","Spending Money",,£20.00,£0.00,C,£2688.96
"Current Account",,,11/03/2016,"Su","Everyday Expenses:Spending Money","Everyday Expenses","Spending Money",,£10.40,£0.00,C,£2678.56
"Current Account",,,11/03/2016,"pub","Everyday Expenses:Restaurants","Everyday Expenses","Restaurants",,£10.85,£0.00,C,£2667.71
"Current Account",,,11/03/2016,"ATM","Everyday Expenses:Spending Money","Everyday Expenses","Spending Money",,£30.00,£0.00,C,£2637.71
"Current Account",,,12/03/2016,"pub","Everyday Expenses:Restaurants","Everyday Expenses","Restaurants",,£5.70,£0.00,C,£2632.01
"Current Account",,,14/03/2016,"steam","Everyday Expenses:Spending Money","Everyday Expenses","Spending Money",,£6.99,£0.00,C,£2625.02
"Current Account",,,15/03/2016,"Giffgaff","Monthly Bills:Phone","Monthly Bills","Phone",,£15.00,£0.00,C,£2610.02
"Current Account",,,17/03/2016,"ATM","Everyday Expenses:Restaurants","Everyday Expenses","Restaurants",,£10.00,£0.00,C,£2600.02
"Current Account",,,19/03/2016,"ATM","Everyday Expenses:Restaurants","Everyday Expenses","Restaurants",,£10.00,£0.00,C,£2590.02
"Current Account",,,20/03/2016,"Just Eat","Everyday Expenses:Restaurants","Everyday Expenses","Restaurants",,£13.18,£0.00,C,£2576.84
"Current Account",,,21/03/2016,"Rent","Monthly Bills:Rent/Mortgage","Monthly Bills","Rent/Mortgage",,£665.00,£0.00,C,£1911.84
"Current Account",,,23/03/2016,"ATM","Everyday Expenses:Spending Money","Everyday Expenses","Spending Money",,£20.00,£0.00,C,£1891.84
"Current Account",,,23/03/2016,"Sky Restaurant","Everyday Expenses:Sky Restaurant","Everyday Expenses","Sky Restaurant",,£20.00,£0.00,C,£1871.84
"Current Account",,,24/03/2016,"Sky UK Limited","Income:Available next month","Income","Available next month",,£0.00,£1850.51,C,£3722.35
"Current Account",,,26/03/2016,"Tata","Rainy Day Funds:Emergency Fund","Rainy Day Funds","Emergency Fund",,£0.00,£1000.00,C,£4722.35
"Current Account",,,26/03/2016,"Transfer : Barclays ISA",,,,,£0.00,£820.00,C,£5542.35
"Current Account",,,26/03/2016,"Car Dealer","Rainy Day Funds:Emergency Fund","Rainy Day Funds","Emergency Fund",,£2020.00,£0.00,C,£3522.35
"Current Account",,,29/03/2016,"Spotify","Everyday Expenses:Spending Money","Everyday Expenses","Spending Money",,£9.99,£0.00,C,£3512.36
"Current Account",,,29/03/2016,"Stacey","Savings Goals:Vacation","Savings Goals","Vacation",,£150.00,£0.00,C,£3362.36
"Current Account",,,29/03/2016,"Endsleigh","Rainy Day Funds:Emergency Fund","Rainy Day Funds","Emergency Fund",,£395.88,£0.00,C,£2966.48
"Current Account",,,30/03/2016,"Transfer : Barclays ISA",,,,,£0.00,£395.88,C,£3362.36
"Current Account",,,30/03/2016,"SkyRewards","Everyday Expenses:Spending Money","Everyday Expenses","Spending Money",,£13.00,£0.00,C,£3349.36
"Current Account",,,01/04/2016,"Paddy","Monthly Bills:Council tax","Monthly Bills","Council tax",,£0.00,£89.67,C,£3439.03
"Current Account",,,01/04/2016,"Budgens","Everyday Expenses:Groceries","Everyday Expenses","Groceries",,£9.00,£0.00,C,£3430.03
"Current Account",,,01/04/2016,"pub","Everyday Expenses:Restaurants","Everyday Expenses","Restaurants",,£13.40,£0.00,C,£3416.63
"Current Account",,,01/04/2016,"Richmond Council","Monthly Bills:Council tax","Monthly Bills","Council tax",,£195.67,£0.00,C,£3220.96
"Current Account",,,02/04/2016,"Anna Palecka","Rainy Day Funds:Emergency Fund","Rainy Day Funds","Emergency Fund",,£0.00,£200.00,C,£3420.96
"Current Account",,,03/04/2016,"Glastonbury","Savings Goals:Vacation","Savings Goals","Vacation",,£225.75,£0.00,C,£3195.21
"Current Account",,,06/04/2016,"Netflix","Everyday Expenses:Spending Money","Everyday Expenses","Spending Money",,£5.99,£0.00,C,£3189.22
"Current Account",,,06/04/2016,"Transfer : Amex",,,,,£392.44,£0.00,C,£2796.78
"Current Account",,,07/04/2016,"Thames Water","Monthly Bills:Water","Monthly Bills","Water",,£92.98,£0.00,C,£2703.80
"Current Account",,,08/04/2016,"James","Monthly Bills:Water","Monthly Bills","Water",,£0.00,£31.00,C,£2734.80
"Current Account",,,08/04/2016,"Paddy","Monthly Bills:Water","Monthly Bills","Water",,£0.00,£31.00,C,£2765.80
"Current Account",,,08/04/2016,"James","Monthly Bills:Electricity","Monthly Bills","Electricity",,£15.44,£0.00,C,£2750.36
"Current Account",,,08/04/2016,"James","Monthly Bills:Natural Gas/Propane/Oil","Monthly Bills","Natural Gas/Propane/Oil",,£70.56,£0.00,C,£2679.80
"Current Account",,,09/04/2016,"Rock City","Everyday Expenses:Spending Money","Everyday Expenses","Spending Money",,£16.30,£0.00,C,£2663.50
"Current Account",,,09/04/2016,"ATM","Everyday Expenses:Restaurants","Everyday Expenses","Restaurants",,£20.00,£0.00,C,£2643.50
"Current Account",,,09/04/2016,"ATM","Everyday Expenses:Spending Money","Everyday Expenses","Spending Money",,£20.00,£0.00,C,£2623.50
"Current Account",,,09/04/2016,"zac","Rainy Day Funds:Birthdays","Rainy Day Funds","Birthdays",,£20.00,£0.00,C,£2603.50
"Current Account",,,10/04/2016,"zac","Everyday Expenses:Fuel","Everyday Expenses","Fuel",,£0.00,£22.00,C,£2625.50
"Current Account",,,10/04/2016,"Rock City","Everyday Expenses:Spending Money","Everyday Expenses","Spending Money",,£17.00,£0.00,C,£2608.50
"Current Account",,,10/04/2016,"ATM","Everyday Expenses:Spending Money","Everyday Expenses","Spending Money",,£20.00,£0.00,C,£2588.50
"Current Account",,,12/04/2016,"Sky Restaurant","Everyday Expenses:Sky Restaurant","Everyday Expenses","Sky Restaurant",,£20.00,£0.00,C,£2568.50
"Current Account",,,12/04/2016,"Road tax","Monthly Bills:Road Tax","Monthly Bills","Road Tax",,£46.45,£0.00,C,£2522.05
"Current Account",,,14/04/2016,"taste Of Lahore","Everyday Expenses:Restaurants","Everyday Expenses","Restaurants",,£20.00,£0.00,C,£2502.05
"Current Account",,,14/04/2016,"Tata","Rainy Day Funds:Emergency Fund","Rainy Day Funds","Emergency Fund",,£160.00,£0.00,C,£2342.05
"Current Account",,,15/04/2016,"Giffgaff","Everyday Expenses:Spending Money","Everyday Expenses","Spending Money",,£10.00,£0.00,C,£2332.05
"Current Account",,,17/04/2016,"Giffgaff","Monthly Bills:Phone","Monthly Bills","Phone",,£15.00,£0.00,C,£2317.05
"Current Account",,,19/04/2016,"Konsulat Polski","Rainy Day Funds:Emergency Fund","Rainy Day Funds","Emergency Fund",,£88.00,£0.00,C,£2229.05
"Current Account",,,20/04/2016,"zac","Everyday Expenses:Groceries","Everyday Expenses","Groceries",,£0.00,£24.00,C,£2253.05
"Current Account",,,20/04/2016,"Sky","Everyday Expenses:Spending Money","Everyday Expenses","Spending Money",,£3.98,£0.00,C,£2249.07
"Current Account",,,20/04/2016,"easyJet","Rainy Day Funds:Emergency Fund","Rainy Day Funds","Emergency Fund",,£394.92,£0.00,C,£1854.15
"Current Account",,,21/04/2016,"Rent","Monthly Bills:Rent/Mortgage","Monthly Bills","Rent/Mortgage",,£665.00,£0.00,C,£1189.15
"Current Account",,,22/04/2016,"pub","Everyday Expenses:Restaurants","Everyday Expenses","Restaurants",,£18.80,£0.00,C,£1170.35
"Current Account",,,22/04/2016,"Sky Restaurant","Everyday Expenses:Sky Restaurant","Everyday Expenses","Sky Restaurant",,£20.00,£0.00,C,£1150.35
"Current Account",,,27/04/2016,"Sky","Income:Available next month","Income","Available next month",,£0.00,£2416.43,C,£3566.78
"Current Account",,,27/04/2016,"zac","Everyday Expenses:Spending Money","Everyday Expenses","Spending Money",,£0.00,£18.15,C,£3584.93
"Current Account",,,27/04/2016,"taste Of Lahore","Everyday Expenses:Restaurants","Everyday Expenses","Restaurants",,£5.00,£0.00,C,£3579.93
"Current Account",,,27/04/2016,"SeeTickets","Everyday Expenses:Spending Money","Everyday Expenses","Spending Money",,£38.80,£0.00,C,£3541.13
"Current Account",,,29/04/2016,"pub","Everyday Expenses:Restaurants","Everyday Expenses","Restaurants",,£23.40,£0.00,C,£3517.73
"Current Account",,,01/05/2016,"pub","Everyday Expenses:Restaurants","Everyday Expenses","Restaurants",,£8.53,£0.00,C,£3509.20
"Current Account",,,01/05/2016,"Road tax","Monthly Bills:Road Tax","Monthly Bills","Road Tax",,£23.18,£0.00,C,£3486.02
"Current Account",,,01/05/2016,"ATM","Everyday Expenses:Spending Money","Everyday Expenses","Spending Money",,£30.00,£0.00,C,£3456.02
"Current Account",,,03/05/2016,"Matt","Monthly Bills:Council tax","Monthly Bills","Council tax",,£0.00,£63.33,C,£3519.35
"Current Account",,,03/05/2016,"Paddy","Monthly Bills:Council tax","Monthly Bills","Council tax",,£0.00,£63.33,C,£3582.68
"Current Account",,,03/05/2016,"Spotify","Monthly Bills:Spotify","Monthly Bills","Spotify",,£9.99,£0.00,C,£3572.69
"Current Account",,,03/05/2016,"Transfer : Barclays Savings",,,,,£100.00,£0.00,C,£3472.69
"Current Account",,,03/05/2016,"Richmond Council","Monthly Bills:Council tax","Monthly Bills","Council tax",,£190.00,£0.00,C,£3282.69
"Current Account",,,04/05/2016,"Stacey","Rainy Day Funds:Emergency Fund","Rainy Day Funds","Emergency Fund",,£0.00,£196.22,C,£3478.91
"Current Account",,,04/05/2016,"Stacey","Everyday Expenses:Clothing","Everyday Expenses","Clothing",,£0.00,£61.23,C,£3540.14
"Current Account",,,04/05/2016,"Stacey","Everyday Expenses:Fuel","Everyday Expenses","Fuel",,£0.00,£10.00,C,£3550.14
"Current Account",,,04/05/2016,"Netflix","Monthly Bills:Netflix","Monthly Bills","Netflix",,£5.99,£0.00,C,£3544.15
"Current Account",,,04/05/2016,"SkyRewards","Everyday Expenses:Spending Money","Everyday Expenses","Spending Money",,£13.00,£0.00,C,£3531.15
"Current Account",,,04/05/2016,"AutoAid","Rainy Day Funds:Breakdown Cover","Rainy Day Funds","Breakdown Cover",,£42.35,£0.00,C,£3488.80
"Current Account",,,04/05/2016,"Southern Electric","Monthly Bills:Natural Gas/Propane/Oil","Monthly Bills","Natural Gas/Propane/Oil",,£122.06,£0.00,C,£3366.74
"Current Account",,,06/05/2016,"Matt","Monthly Bills:Natural Gas/Propane/Oil","Monthly Bills","Natural Gas/Propane/Oil",,£0.00,£40.68,C,£3407.42
"Current Account",,,06/05/2016,"Paddy","Monthly Bills:Natural Gas/Propane/Oil","Monthly Bills","Natural Gas/Propane/Oil",,£0.00,£40.68,C,£3448.10
"Current Account",,,06/05/2016,"123-reg","Everyday Expenses:Spending Money","Everyday Expenses","Spending Money",,£8.39,£0.00,C,£3439.71
"Current Account",,,06/05/2016,"pub","Everyday Expenses:Restaurants","Everyday Expenses","Restaurants",,£23.40,£0.00,C,£3416.31
"Current Account",,,07/05/2016,"Transfer : Amex",,,,,£290.46,£0.00,C,£3125.85
"Current Account",,,08/05/2016,"zac","Everyday Expenses:Fuel","Everyday Expenses","Fuel",,£0.00,£20.00,C,£3145.85
"Current Account",,,08/05/2016,"zac","Everyday Expenses:Groceries","Everyday Expenses","Groceries",,£0.00,£15.00,C,£3160.85
"Current Account",,,08/05/2016,"Stacey","Everyday Expenses:Clothing","Everyday Expenses","Clothing",,£29.00,£0.00,C,£3131.85
"Current Account",,,10/05/2016,"pub","Savings Goals:Vacation","Savings Goals","Vacation",,£40.00,£0.00,C,£3091.85
"Current Account",,,11/05/2016,"Car Park","Savings Goals:Vacation","Savings Goals","Vacation",,£7.00,£0.00,C,£3084.85
"Current Account",,,11/05/2016,"Bakery","Savings Goals:Vacation","Savings Goals","Vacation",,£13.90,£0.00,C,£3070.95
"Current Account",,,11/05/2016,"pub","Savings Goals:Vacation","Savings Goals","Vacation",,£17.40,£0.00,C,£3053.55
"Current Account",,,12/05/2016,"pub","Savings Goals:Vacation","Savings Goals","Vacation",,£7.95,£0.00,C,£3045.60
"Current Account",,,13/05/2016,"Dodd's Restaurant","Savings Goals:Vacation","Savings Goals","Vacation",,£49.35,£0.00,C,£2996.25
"Current Account",,,14/05/2016,"Paddy","Monthly Bills:Electricity","Monthly Bills","Electricity",,£0.00,£23.21,C,£3019.46
"Current Account",,,14/05/2016,"Matt","Monthly Bills:Electricity","Monthly Bills","Electricity",,£0.00,£23.10,C,£3042.56
"Current Account",,,14/05/2016,"Superdrug","Everyday Expenses:Groceries","Everyday Expenses","Groceries",,£3.03,£0.00,C,£3039.53
"Current Account",,,14/05/2016,"Souvenir Shop","Savings Goals:Vacation","Savings Goals","Vacation",,£15.74,£0.00,C,£3023.79
"Current Account",,,14/05/2016,"Southern Electric","Monthly Bills:Electricity","Monthly Bills","Electricity",,£69.31,£0.00,C,£2954.48
"Current Account",,,16/05/2016,"Giffgaff","Monthly Bills:Phone","Monthly Bills","Phone",,£15.00,£0.00,C,£2939.48
"Current Account",,,17/05/2016,"Ross Poole","Everyday Expenses:Spending Money","Everyday Expenses","Spending Money",,£15.00,£0.00,C,£2924.48
"Current Account",,,18/05/2016,"pub","Everyday Expenses:Restaurants","Everyday Expenses","Restaurants",,£21.00,£0.00,C,£2903.48
"Current Account",,,19/05/2016,"Sky Restaurant","Everyday Expenses:Sky Restaurant","Everyday Expenses","Sky Restaurant",,£20.00,£0.00,C,£2883.48
"Current Account",,,21/05/2016,"Rent","Monthly Bills:Rent/Mortgage","Monthly Bills","Rent/Mortgage",,£665.00,£0.00,C,£2218.48
"Current Account",,,22/05/2016,"ATM","Everyday Expenses:Spending Money","Everyday Expenses","Spending Money",,£30.00,£0.00,C,£2188.48
"Current Account",,,22/05/2016,"Annie's Burger Shack","Everyday Expenses:Restaurants","Everyday Expenses","Restaurants",,£44.40,£0.00,C,£2144.08
"Current Account",,,22/05/2016,"ATM","Rainy Day Funds:Emergency Fund","Rainy Day Funds","Emergency Fund",,£100.00,£0.00,C,£2044.08
"Current Account",,,24/05/2016,"taste Of Lahore","Everyday Expenses:Groceries","Everyday Expenses","Groceries",,£5.00,£0.00,C,£2039.08
"Current Account",,,27/05/2016,"Sky UK Limited","Income:Available next month","Income","Available next month",,£0.00,£2416.42,C,£4455.50
"Current Account",,,28/05/2016,"Dad","Rainy Day Funds:Birthdays","Rainy Day Funds","Birthdays",,£0.00,£30.00,C,£4485.50
"Current Account",,,01/06/2016,"Matt","Monthly Bills:Council tax","Monthly Bills","Council tax",,£0.00,£63.33,C,£4548.83
"Current Account",,,01/06/2016,"Paddy","Monthly Bills:Council tax","Monthly Bills","Council tax",,£0.00,£63.33,C,£4612.16
"Current Account",,,01/06/2016,"Road tax","Monthly Bills:Road Tax","Monthly Bills","Road Tax",,£23.18,£0.00,C,£4588.98
"Current Account",,,01/06/2016,"Richmond Council","Monthly Bills:Council tax","Monthly Bills","Council tax",,£190.00,£0.00,C,£4398.98
"Current Account",,,02/06/2016,"ATM","Everyday Expenses:Spending Money","Everyday Expenses","Spending Money",,£10.00,£0.00,C,£4388.98
"Current Account",,,03/06/2016,"Transfer : Barclays ISA",,,,,£274.37,£0.00,C,£4114.61
"Current Account",,,04/06/2016,"tesco","Everyday Expenses:Spending Money","Everyday Expenses","Spending Money",,£28.60,£0.00,C,£4086.01
"Current Account",,,05/06/2016,"Netflix","Monthly Bills:Netflix","Monthly Bills","Netflix",,£5.99,£0.00,C,£4080.02
"Current Account",,,06/06/2016,"Sky Restaurant","Everyday Expenses:Sky Restaurant","Everyday Expenses","Sky Restaurant",,£20.00,£0.00,C,£4060.02
"Current Account",,,07/06/2016,"Transfer : Amex",,,,,£527.53,£0.00,C,£3532.49
"Current Account",,,08/06/2016,"ATM","Everyday Expenses:Spending Money","Everyday Expenses","Spending Money",,£30.00,£0.00,C,£3502.49
"Current Account",,,08/06/2016,"zac","Everyday Expenses:Spending Money","Everyday Expenses","Spending Money",,£37.20,£0.00,C,£3465.29
"Current Account",,,10/06/2016,"zac","Everyday Expenses:Groceries","Everyday Expenses","Groceries",,£0.00,£19.25,C,£3484.54
"Current Account",,,11/06/2016,"Giffgaff","Everyday Expenses:Spending Money","Everyday Expenses","Spending Money",,£20.00,£0.00,C,£3464.54
"Current Account",,,11/06/2016,"Halifax","Savings Goals:Vacation","Savings Goals","Vacation",,£78.55,£0.00,C,£3385.99
"Current Account",,,12/06/2016,"Transfer : Halifax Clarity Mastercard",,,,,£78.29,£0.00,C,£3307.70
"Current Account",,,12/06/2016,"Transfer : Halifax Clarity Mastercard",,,,,£548.05,£0.00,C,£2759.65
"Current Account",,,15/06/2016,"Transfer : Halifax Clarity Mastercard",,,,,£158.24,£0.00,C,£2601.41
"Current Account",,,16/06/2016,"Moonpig","Rainy Day Funds:Birthdays","Rainy Day Funds","Birthdays",,£10.76,£0.00,C,£2590.65
"Current Account",,,16/06/2016,"Giffgaff","Monthly Bills:Phone","Monthly Bills","Phone",,£15.00,£0.00,C,£2575.65
"Current Account",,,18/06/2016,"Transfer : Halifax Clarity Mastercard",,,,,£79.42,£0.00,C,£2496.23
"Current Account",,,20/06/2016,"Stacey","Savings Goals:Vacation","Savings Goals","Vacation",,£0.00,£274.09,C,£2770.32
"Current Account",,,21/06/2016,"Rent","Monthly Bills:Rent/Mortgage","Monthly Bills","Rent/Mortgage",,£665.00,£0.00,C,£2105.32
"Current Account",,,22/06/2016,"ATM","Everyday Expenses:Spending Money","Everyday Expenses","Spending Money",,£100.00,£0.00,C,£2005.32
"Current Account",,,27/06/2016,"Sky","Income:Available next month","Income","Available next month",,£0.00,£2416.42,C,£4421.74
"Current Account",,,28/06/2016,"zac","Everyday Expenses:Spending Money","Everyday Expenses","Spending Money",,£11.16,£0.00,C,£4410.58
"Current Account",,,30/06/2016,"ATM","Everyday Expenses:Spending Money","Everyday Expenses","Spending Money",,£10.00,£0.00,C,£4400.58
"Current Account",,,01/07/2016,"Matt","Monthly Bills:Council tax","Monthly Bills","Council tax",,£0.00,£63.33,C,£4463.91
"Current Account",,,01/07/2016,"Paddy","Monthly Bills:Council tax","Monthly Bills","Council tax",,£0.00,£63.33,C,£4527.24
"Current Account",,,01/07/2016,"Road tax","Monthly Bills:Road Tax","Monthly Bills","Road Tax",,£23.18,£0.00,C,£4504.06
"Current Account",,,01/07/2016,"Transfer : Barclays ISA",,,,,£155.19,£0.00,C,£4348.87
"Current Account",,,01/07/2016,"Richmond Council","Monthly Bills:Council tax","Monthly Bills","Council tax",,£190.00,£0.00,C,£4158.87
"Current Account",,,02/07/2016,"Greggs","Everyday Expenses:Restaurants","Everyday Expenses","Restaurants",,£6.00,£0.00,C,£4152.87
"Current Account",,,04/07/2016,"Netflix","Monthly Bills:Netflix","Monthly Bills","Netflix",,£7.49,£0.00,C,£4145.38
"Current Account",,,05/07/2016,"Sky Restaurant","Everyday Expenses:Sky Restaurant","Everyday Expenses","Sky Restaurant",,£20.00,£0.00,C,£4125.38
"Current Account",,,07/07/2016,"ATM","Everyday Expenses:Restaurants","Everyday Expenses","Restaurants",,£20.00,£0.00,C,£4105.38
"Current Account",,,07/07/2016,"Transfer : Amex",,,,,£705.70,£0.00,C,£3399.68
"Current Account",,,09/07/2016,"pub","Everyday Expenses:Restaurants","Everyday Expenses","Restaurants",,£7.60,£0.00,C,£3392.08
"Current Account",,,09/07/2016,"pub","Everyday Expenses:Restaurants","Everyday Expenses","Restaurants",,£21.00,£0.00,C,£3371.08
"Current Account",,,10/07/2016,"Dominos","Everyday Expenses:Restaurants","Everyday Expenses","Restaurants",,£18.48,£0.00,C,£3352.60
"Current Account",,,13/07/2016,"L'oro di Napoli","Everyday Expenses:Restaurants","Everyday Expenses","Restaurants",,£11.50,£0.00,C,£3341.10
"Current Account",,,15/07/2016,"Tfl","Everyday Expenses:Spending Money","Everyday Expenses","Spending Money",,£2.40,£0.00,C,£3338.70
"Current Account",,,15/07/2016,"Giffgaff","Monthly Bills:Phone","Monthly Bills","Phone",,£15.00,£0.00,C,£3323.70
"Current Account",,,16/07/2016,"pub","Rainy Day Funds:Birthdays","Rainy Day Funds","Birthdays",,£17.10,£0.00,C,£3306.60
"Current Account",,,16/07/2016,"pub","Rainy Day Funds:Birthdays","Rainy Day Funds","Birthdays",,£21.60,£0.00,C,£3285.00
"Current Account",,,20/07/2016,"Sky Restaurant","Everyday Expenses:Sky Restaurant","Everyday Expenses","Sky Restaurant",,£20.00,£0.00,C,£3265.00
"Current Account",,,21/07/2016,"Rent","Monthly Bills:Rent/Mortgage","Monthly Bills","Rent/Mortgage",,£665.00,£0.00,C,£2600.00
"Current Account",,,22/07/2016,"zac","Everyday Expenses:Spending Money","Everyday Expenses","Spending Money",,£0.00,£25.40,C,£2625.40
"Current Account",,,22/07/2016,"Tenpin","Everyday Expenses:Spending Money","Everyday Expenses","Spending Money",,£50.80,£0.00,C,£2574.60
"Current Account",,,24/07/2016,"pub","Everyday Expenses:Restaurants","Everyday Expenses","Restaurants",,£10.00,£0.00,C,£2564.60
"Current Account",,,27/07/2016,"Sky UK Limited","Income:Available next month","Income","Available next month",,£0.00,£2416.43,C,£4981.03
"Current Account",,,27/07/2016,"taste Of Lahore","Everyday Expenses:Spending Money","Everyday Expenses","Spending Money",,£10.50,£0.00,C,£4970.53
"Current Account",,,27/07/2016,"Transfer : Barclays ISA",,,,,£536.45,£0.00,C,£4434.08
"Current Account",,,29/07/2016,"ATM","Everyday Expenses:Spending Money","Everyday Expenses","Spending Money",,£10.00,£0.00,C,£4424.08
"Current Account",,,01/08/2016,"Matt","Monthly Bills:Council tax","Monthly Bills","Council tax",,£0.00,£63.33,C,£4487.41
"Current Account",,,01/08/2016,"Paddy","Monthly Bills:Council tax","Monthly Bills","Council tax",,£0.00,£63.33,C,£4550.74
"Current Account",,,01/08/2016,"Road tax","Monthly Bills:Road Tax","Monthly Bills","Road Tax",,£23.18,£0.00,C,£4527.56
"Current Account",,,01/08/2016,"Richmond Council","Monthly Bills:Council tax","Monthly Bills","Council tax",,£190.00,£0.00,C,£4337.56
"Current Account",,,02/08/2016,"Sky Hairdresser","Everyday Expenses:Spending Money","Everyday Expenses","Spending Money",,£15.00,£0.00,C,£4322.56
"Current Account",,,03/08/2016,"Man Vs Food","Everyday Expenses:Restaurants","Everyday Expenses","Restaurants",,£9.75,£0.00,C,£4312.81
"Current Account",,,05/08/2016,"Netflix","Monthly Bills:Netflix","Monthly Bills","Netflix",,£7.49,£0.00,C,£4305.32
"Current Account",,,05/08/2016,"ATM","Everyday Expenses:Spending Money","Everyday Expenses","Spending Money",,£10.00,£0.00,C,£4295.32
"Current Account",,,05/08/2016,"Transfer : Amex",,,,,£584.01,£0.00,C,£3711.31
"Current Account",,,08/08/2016,"Sky Restaurant","Everyday Expenses:Sky Restaurant","Everyday Expenses","Sky Restaurant",,£20.00,£0.00,C,£3691.31
"Current Account",,,09/08/2016,"SkyRewards","Rainy Day Funds:Birthdays","Rainy Day Funds","Birthdays",,£60.12,£0.00,C,£3631.19
"Current Account",,,10/08/2016,"taste Of Lahore","Everyday Expenses:Restaurants","Everyday Expenses","Restaurants",,£5.00,£0.00,C,£3626.19
"Current Account",,,12/08/2016,"pub","Everyday Expenses:Spending Money","Everyday Expenses","Spending Money",,£12.00,£0.00,C,£3614.19
"Current Account",,,12/08/2016,"pub","Everyday Expenses:Spending Money","Everyday Expenses","Spending Money",,£15.20,£0.00,C,£3598.99
"Current Account",,,15/08/2016,"Paddy","Monthly Bills:Electricity","Monthly Bills","Electricity",,£0.00,£41.16,C,£3640.15
"Current Account",,,15/08/2016,"Paddy","Monthly Bills:Natural Gas/Propane/Oil","Monthly Bills","Natural Gas/Propane/Oil",,£0.00,£32.08,C,£3672.23
"Current Account",,,15/08/2016,"Giffgaff","Monthly Bills:Phone","Monthly Bills","Phone",,£15.00,£0.00,C,£3657.23
"Current Account",,,16/08/2016,"Matt","Monthly Bills:Electricity","Monthly Bills","Electricity",,£0.00,£41.16,C,£3698.39
"Current Account",,,16/08/2016,"Matt","Monthly Bills:Natural Gas/Propane/Oil","Monthly Bills","Natural Gas/Propane/Oil",,£0.00,£32.08,C,£3730.47
"Current Account",,,16/08/2016,"Southern Electric","Monthly Bills:Natural Gas/Propane/Oil","Monthly Bills","Natural Gas/Propane/Oil",,£96.26,£0.00,C,£3634.21
"Current Account",,,16/08/2016,"Southern Electric","Monthly Bills:Electricity","Monthly Bills","Electricity",,£123.50,£0.00,C,£3510.71
"Current Account",,,18/08/2016,"Restaurant","Everyday Expenses:Restaurants","Everyday Expenses","Restaurants",,£28.22,£0.00,C,£3482.49
"Current Account",,,21/08/2016,"Rent","Monthly Bills:Rent/Mortgage","Monthly Bills","Rent/Mortgage",,£665.00,£0.00,C,£2817.49
"Current Account",,,22/08/2016,"zac","Everyday Expenses:Spending Money","Everyday Expenses","Spending Money",,£0.00,£9.00,C,£2826.49
"Current Account",,,24/08/2016,"Transfer : Barclays Savings",,,,,£1513.12,£0.00,C,£1313.37
"Current Account",,,25/08/2016,"Sky Restaurant","Everyday Expenses:Sky Restaurant","Everyday Expenses","Sky Restaurant",,£20.00,£0.00,C,£1293.37
"Current Account",,,26/08/2016,"Sky UK Limited","Income:Available next month","Income","Available next month",,£0.00,£4401.42,C,£5694.79
"Current Account",,,26/08/2016,"Junkyard Golf","Rainy Day Funds:Birthdays","Rainy Day Funds","Birthdays",,£10.74,£0.00,C,£5684.05
"Current Account",,,26/08/2016,"Timpsons","Everyday Expenses:Spending Money","Everyday Expenses","Spending Money",,£12.00,£0.00,C,£5672.05
"Current Account",,,26/08/2016,"Transfer : Barclays ISA",,,,,£652.11,£0.00,C,£5019.94
"Current Account",,,28/08/2016,"zac","Everyday Expenses:Spending Money","Everyday Expenses","Spending Money",,£0.00,£12.00,C,£5031.94
"Current Account",,,01/09/2016,"Matt","Monthly Bills:Council tax","Monthly Bills","Council tax",,£0.00,£63.33,C,£5095.27
"Current Account",,,01/09/2016,"Paddy","Monthly Bills:Council tax","Monthly Bills","Council tax",,£0.00,£63.33,C,£5158.60
"Current Account",,,01/09/2016,"Tarek","Everyday Expenses:Spending Money","Everyday Expenses","Spending Money",,£13.68,£0.00,C,£5144.92
"Current Account",,,01/09/2016,"Road tax","Monthly Bills:Road Tax","Monthly Bills","Road Tax",,£23.18,£0.00,C,£5121.74
"Current Account",,,01/09/2016,"TV Licence","Rainy Day Funds:Emergency Fund","Rainy Day Funds","Emergency Fund",,£145.50,£0.00,C,£4976.24
"Current Account",,,01/09/2016,"Richmond Council","Monthly Bills:Council tax","Monthly Bills","Council tax",,£190.00,£0.00,C,£4786.24
"Current Account",,,02/09/2016,"zac","Everyday Expenses:Groceries","Everyday Expenses","Groceries",,£0.00,£9.70,C,£4795.94
"Current Account",,,04/09/2016,"zac","Rainy Day Funds:Emergency Fund","Rainy Day Funds","Emergency Fund",,£0.00,£72.75,C,£4868.69
"Current Account",,,04/09/2016,"Netflix","Monthly Bills:Netflix","Monthly Bills","Netflix",,£7.49,£0.00,C,£4861.20
"Current Account",,,05/09/2016,"ATM","Everyday Expenses:Spending Money","Everyday Expenses","Spending Money",,£20.00,£0.00,C,£4841.20
"Current Account",,,06/09/2016,"Transfer : Amex",,,,,£494.84,£0.00,C,£4346.36
"Current Account",,,09/09/2016,"Just Eat","Everyday Expenses:Restaurants","Everyday Expenses","Restaurants",,£23.30,£0.00,C,£4323.06
"Current Account",,,11/09/2016,"Tfl","Everyday Expenses:Spending Money","Everyday Expenses","Spending Money",,£3.00,£0.00,C,£4320.06
"Current Account",,,11/09/2016,"pub","Everyday Expenses:Restaurants","Everyday Expenses","Restaurants",,£8.94,£0.00,C,£4311.12
"Current Account",,,12/09/2016,"EE","Rainy Day Funds:Emergency Fund","Rainy Day Funds","Emergency Fund",,£49.99,£0.00,C,£4261.13
"Current Account",,,14/09/2016,"zac","Rainy Day Funds:Emergency Fund","Rainy Day Funds","Emergency Fund",,£0.00,£172.00,C,£4433.13
"Current Account",,,14/09/2016,"Frost Partnership","Rainy Day Funds:Emergency Fund","Rainy Day Funds","Emergency Fund",,£344.00,£0.00,C,£4089.13
"Current Account",,,15/09/2016,"Sky Restaurant","Everyday Expenses:Sky Restaurant","Everyday Expenses","Sky Restaurant",,£20.00,£0.00,C,£4069.13
"Current Account",,,19/09/2016,"Tfl","Everyday Expenses:Spending Money","Everyday Expenses","Spending Money",,£1.50,£0.00,C,£4067.63
"Current Account",,,21/09/2016,"zac","Rainy Day Funds:Emergency Fund","Rainy Day Funds","Emergency Fund",,£0.00,£300.00,C,£4367.63
"Current Account",,,21/09/2016,"Rent","Monthly Bills:Rent/Mortgage","Monthly Bills","Rent/Mortgage",,£665.00,£0.00,C,£3702.63
"Current Account",,,23/09/2016,"pub","Everyday Expenses:Restaurants","Everyday Expenses","Restaurants",,£17.00,£0.00,C,£3685.63
"Current Account",,,24/09/2016,"pub","Everyday Expenses:Restaurants","Everyday Expenses","Restaurants",,£10.40,£0.00,C,£3675.23
"Current Account",,,24/09/2016,"pub","Everyday Expenses:Restaurants","Everyday Expenses","Restaurants",,£32.50,£0.00,C,£3642.73
"Current Account",,,26/09/2016,"Sky","Income:Available next month","Income","Available next month",,£0.00,£800.00,C,£4442.73
"Current Account",,,26/09/2016,"EE","Monthly Bills:Phone","Monthly Bills","Phone",,£44.80,£0.00,C,£4397.93
"Current Account",,,27/09/2016,"Sky","Income:Available next month","Income","Available next month",,£0.00,£2416.42,C,£6814.35
"Current Account",,,28/09/2016,"Sean Nolan","Everyday Expenses:Spending Money","Everyday Expenses","Spending Money",,£24.50,£0.00,C,£6789.85
"Current Account",,,30/09/2016,"Sky Restaurant","Everyday Expenses:Sky Restaurant","Everyday Expenses","Sky Restaurant",,£20.00,£0.00,C,£6769.85
"Current Account",,,30/09/2016,"Mechanic","Rainy Day Funds:Car Repairs","Rainy Day Funds","Car Repairs",,£170.00,£0.00,C,£6599.85
"Current Account",,,01/10/2016,"Tfl","Everyday Expenses:Spending Money","Everyday Expenses","Spending Money",,£3.50,£0.00,C,£6596.35
"Current Account",,,01/10/2016,"Kfc","Everyday Expenses:Restaurants","Everyday Expenses","Restaurants",,£5.69,£0.00,C,£6590.66
"Current Account",,,01/10/2016,"Road tax","Monthly Bills:Road Tax","Monthly Bills","Road Tax",,£23.18,£0.00,C,£6567.48
"Current Account",,,01/10/2016,"Richmond Council","Monthly Bills:Council tax","Monthly Bills","Council tax",,£190.00,£0.00,C,£6377.48
"Current Account",,,03/10/2016,"Matt","Monthly Bills:Council tax","Monthly Bills","Council tax",,£0.00,£63.33,C,£6440.81
"Current Account",,,03/10/2016,"Paddy","Monthly Bills:Council tax","Monthly Bills","Council tax",,£0.00,£63.33,C,£6504.14
"Current Account",,,03/10/2016,"Matt","Rainy Day Funds:Emergency Fund","Rainy Day Funds","Emergency Fund",,£100.00,£0.00,C,£6404.14
"Current Account",,,03/10/2016,"Transfer : Barclays ISA",,,,,£1286.20,£0.00,C,£5117.94
"Current Account",,,05/10/2016,"Netflix","Monthly Bills:Netflix","Monthly Bills","Netflix",,£7.49,£0.00,C,£5110.45
"Current Account",,,06/10/2016,"Paddy","Monthly Bills:Water","Monthly Bills","Water",,£0.00,£15.32,C,£5125.77
"Current Account",,,06/10/2016,"Matt","Monthly Bills:Water","Monthly Bills","Water",,£0.00,£15.31,C,£5141.08
"Current Account",,,06/10/2016,"zac","Monthly Bills:Water","Monthly Bills","Water",,£0.00,£15.31,C,£5156.39
"Current Account",,,06/10/2016,"Sky Hairdresser","Everyday Expenses:Spending Money","Everyday Expenses","Spending Money",,£15.00,£0.00,C,£5141.39
"Current Account",,,06/10/2016,"Thames Water","Monthly Bills:Water","Monthly Bills","Water",,£61.25,£0.00,C,£5080.14
"Current Account",,,06/10/2016,"Paddy","Rainy Day Funds:Emergency Fund","Rainy Day Funds","Emergency Fund",,£100.00,£0.00,C,£4980.14
"Current Account",,,06/10/2016,"Transfer : Amex",,,,,£362.76,£0.00,C,£4617.38
"Current Account",,,07/10/2016,"Sky","Income:Available this month","Income","Available this month",,£0.00,£100.00,C,£4717.38
"Current Account",,,07/10/2016,"Restaurant","Everyday Expenses:Restaurants","Everyday Expenses","Restaurants",,£52.55,£0.00,C,£4664.83
"Current Account",,,09/10/2016,"pub","Everyday Expenses:Restaurants","Everyday Expenses","Restaurants",,£15.85,£0.00,C,£4648.98
"Current Account",,,13/10/2016,"ATM","Everyday Expenses:Spending Money","Everyday Expenses","Spending Money",,£10.00,£0.00,C,£4638.98
"Current Account",,,16/10/2016,"Big Yellow Storage","Rainy Day Funds:Emergency Fund","Rainy Day Funds","Emergency Fund",,£220.50,£0.00,C,£4418.48
"Current Account",,,17/10/2016,"Sky Restaurant","Everyday Expenses:Sky Restaurant","Everyday Expenses","Sky Restaurant",,£20.00,£0.00,C,£4398.48
"Current Account",,,19/10/2016,"Frost Partnership","Rainy Day Funds:Emergency Fund","Rainy Day Funds","Emergency Fund",,£1737.50,£0.00,C,£2660.98
"Current Account",,,20/10/2016,"Spice Of India","Everyday Expenses:Restaurants","Everyday Expenses","Restaurants",,£15.40,£0.00,C,£2645.58
"Current Account",,,21/10/2016,"ATM","Everyday Expenses:Spending Money","Everyday Expenses","Spending Money",,£20.00,£0.00,C,£2625.58
"Current Account",,,24/10/2016,"Tfl","Everyday Expenses:Spending Money","Everyday Expenses","Spending Money",,£1.50,£0.00,C,£2624.08
"Current Account",,,24/10/2016,"Tfl","Everyday Expenses:Spending Money","Everyday Expenses","Spending Money",,£1.50,£0.00,C,£2622.58
"Current Account",,,24/10/2016,"subway","Everyday Expenses:Restaurants","Everyday Expenses","Restaurants",,£5.00,£0.00,C,£2617.58
"Current Account",,,24/10/2016,"pub","Everyday Expenses:Spending Money","Everyday Expenses","Spending Money",,£5.97,£0.00,C,£2611.61
"Current Account",,,24/10/2016,"pub","Everyday Expenses:Spending Money","Everyday Expenses","Spending Money",,£13.65,£0.00,C,£2597.96
"Current Account",,,24/10/2016,"pub","Everyday Expenses:Spending Money","Everyday Expenses","Spending Money",,£15.60,£0.00,C,£2582.36
"Current Account",,,24/10/2016,"ATM","Everyday Expenses:Spending Money","Everyday Expenses","Spending Money",,£20.00,£0.00,C,£2562.36
"Current Account",,,24/10/2016,"Dip & Flip","Everyday Expenses:Restaurants","Everyday Expenses","Restaurants",,£20.00,£0.00,C,£2542.36
"Current Account",,,24/10/2016,"EE","Monthly Bills:Phone","Monthly Bills","Phone",,£47.60,£0.00,C,£2494.76
"Current Account",,,25/10/2016,"Paddy","Monthly Bills:Natural Gas/Propane/Oil","Monthly Bills","Natural Gas/Propane/Oil",,£0.00,£28.84,C,£2523.60
"Current Account",,,25/10/2016,"zac","Monthly Bills:Natural Gas/Propane/Oil","Monthly Bills","Natural Gas/Propane/Oil",,£0.00,£28.84,C,£2552.44
"Current Account",,,25/10/2016,"Paddy","Monthly Bills:Electricity","Monthly Bills","Electricity",,£0.00,£27.38,C,£2579.82
"Current Account",,,25/10/2016,"zac","Monthly Bills:Electricity","Monthly Bills","Electricity",,£0.00,£27.38,C,£2607.20
"Current Account",,,25/10/2016,"Southern Electric","Monthly Bills:Electricity","Monthly Bills","Electricity",,£109.50,£0.00,C,£2497.70
"Current Account",,,25/10/2016,"Southern Electric","Monthly Bills:Natural Gas/Propane/Oil","Monthly Bills","Natural Gas/Propane/Oil",,£115.37,£0.00,C,£2382.33
"Current Account",,,27/10/2016,"Sky","Income:Available next month","Income","Available next month",,£0.00,£2516.43,C,£4898.76
"Current Account",,,27/10/2016,"Omer","Everyday Expenses:Spending Money","Everyday Expenses","Spending Money",,£0.00,£5.00,C,£4903.76
"Current Account",,,28/10/2016,"Matt","Monthly Bills:Natural Gas/Propane/Oil","Monthly Bills","Natural Gas/Propane/Oil",,£0.00,£28.84,C,£4932.60
"Current Account",,,28/10/2016,"Matt","Monthly Bills:Electricity","Monthly Bills","Electricity",,£0.00,£27.38,C,£4959.98
"Current Account",,,30/10/2016,"pub","Everyday Expenses:Spending Money","Everyday Expenses","Spending Money",,£28.60,£0.00,C,£4931.38
"Current Account",,,30/10/2016,"ATM","Everyday Expenses:Spending Money","Everyday Expenses","Spending Money",,£40.00,£0.00,C,£4891.38
"Current Account",,,31/10/2016,"Tfl","Everyday Expenses:Spending Money","Everyday Expenses","Spending Money",,£2.80,£0.00,C,£4888.58
"Current Account",,,31/10/2016,"tesco","Everyday Expenses:Groceries","Everyday Expenses","Groceries",,£8.00,£0.00,C,£4880.58
"Current Account",,,31/10/2016,"SkyRewards","Everyday Expenses:Spending Money","Everyday Expenses","Spending Money",,£13.00,£0.00,C,£4867.58
"Current Account",,,01/11/2016,"Road tax","Monthly Bills:Road Tax","Monthly Bills","Road Tax",,£23.18,£0.00,C,£4844.40
"Current Account",,,01/11/2016,"Richmond Council","Monthly Bills:Council tax","Monthly Bills","Council tax",,£190.00,£0.00,C,£4654.40
"Current Account",,,03/11/2016,"Tfl","Everyday Expenses:Spending Money","Everyday Expenses","Spending Money",,£4.40,£0.00,C,£4650.00
"Current Account",,,03/11/2016,"Transfer : Barclays ISA",,,,,£1173.92,£0.00,C,£3476.08
"Current Account",,,04/11/2016,"Rent","Income:Available this month","Income","Available this month",,£0.00,£842.92,C,£4319.00
"Current Account",,,04/11/2016,"zac","Everyday Expenses:Groceries","Everyday Expenses","Groceries",,£0.00,£28.64,C,£4347.64
"Current Account",,,04/11/2016,"Tfl","Everyday Expenses:Spending Money","Everyday Expenses","Spending Money",,£1.50,£0.00,C,£4346.14
"Current Account",,,04/11/2016,"Netflix","Monthly Bills:Netflix","Monthly Bills","Netflix",,£7.49,£0.00,C,£4338.65
"Current Account",,,07/11/2016,"Big Yellow Storage","Income:Available this month","Income","Available this month",,£0.00,£149.41,C,£4488.06
"Current Account",,,07/11/2016,"zac","Income:Available this month","Income","Available this month",,£0.00,£67.05,C,£4555.11
"Current Account",,,07/11/2016,"Tfl","Everyday Expenses:Spending Money","Everyday Expenses","Spending Money",,£1.50,£0.00,C,£4553.61
"Current Account",,,07/11/2016,"Tfl","Everyday Expenses:Spending Money","Everyday Expenses","Spending Money",,£3.00,£0.00,C,£4550.61
"Current Account",,,07/11/2016,"Thames Water","Monthly Bills:Water","Monthly Bills","Water",,£11.54,£0.00,C,£4539.07
"Current Account",,,07/11/2016,"Sky Restaurant","Everyday Expenses:Sky Restaurant","Everyday Expenses","Sky Restaurant",,£20.00,£0.00,C,£4519.07
"Current Account",,,07/11/2016,"Gas","Monthly Bills:Natural Gas/Propane/Oil","Monthly Bills","Natural Gas/Propane/Oil",,£83.00,£0.00,C,£4436.07
"Current Account",,,08/11/2016,"Omer","Everyday Expenses:Restaurants","Everyday Expenses","Restaurants",,£5.00,£0.00,C,£4431.07
"Current Account",,,08/11/2016,"Transfer : Amex",,,,,£245.57,£0.00,C,£4185.50
"Current Account",,,10/11/2016,"Tfl","Everyday Expenses:Spending Money","Everyday Expenses","Spending Money",,£6.20,£0.00,C,£4179.30
"Current Account",,,10/11/2016,"pub","Everyday Expenses:Restaurants","Everyday Expenses","Restaurants",,£10.70,£0.00,C,£4168.60
"Current Account",,,10/11/2016,"Vapiano","Everyday Expenses:Restaurants","Everyday Expenses","Restaurants",,£14.90,£0.00,C,£4153.70
"Current Account",,,14/11/2016,"W H Smith","Everyday Expenses:Spending Money","Everyday Expenses","Spending Money",,£7.98,£0.00,C,£4145.72
"Current Account",,,16/11/2016,"Sky Restaurant","Everyday Expenses:Sky Restaurant","Everyday Expenses","Sky Restaurant",,£20.00,£0.00,C,£4125.72
"Current Account",,,17/11/2016,"Omer","Everyday Expenses:Restaurants","Everyday Expenses","Restaurants",,£10.00,£0.00,C,£4115.72
"Current Account",,,18/11/2016,"Qwertee","Everyday Expenses:Clothing","Everyday Expenses","Clothing",,£16.95,£0.00,C,£4098.77
"Current Account",,,18/11/2016,"Ask Italian","Everyday Expenses:Restaurants","Everyday Expenses","Restaurants",,£53.65,£0.00,C,£4045.12
"Current Account",,,19/11/2016,"pub","Everyday Expenses:Spending Money","Everyday Expenses","Spending Money",,£20.15,£0.00,C,£4024.97
"Current Account",,,19/11/2016,"Dip & Flip","Everyday Expenses:Restaurants","Everyday Expenses","Restaurants",,£47.00,£0.00,C,£3977.97
"Current Account",,,20/11/2016,"Apple","Everyday Expenses:Spending Money","Everyday Expenses","Spending Money",,£1.49,£0.00,C,£3976.48
"Current Account",,,20/11/2016,"Airport bowl","Everyday Expenses:Spending Money","Everyday Expenses","Spending Money",,£10.25,£0.00,C,£3966.23
"Current Account",,,21/11/2016,"Tfl","Everyday Expenses:Spending Money","Everyday Expenses","Spending Money",,£5.50,£0.00,C,£3960.73
"Current Account",,,21/11/2016,"Tfl","Everyday Expenses:Spending Money","Everyday Expenses","Spending Money",,£6.20,£0.00,C,£3954.53
"Current Account",,,21/11/2016,"Sky Restaurant","Everyday Expenses:Sky Restaurant","Everyday Expenses","Sky Restaurant",,£20.00,£0.00,C,£3934.53
"Current Account",,,22/11/2016,"Stacey","Everyday Expenses:Spending Money","Everyday Expenses","Spending Money",,£0.00,£13.00,C,£3947.53
"Current Account",,,22/11/2016,"Transfer : Monzo",,,,,£100.00,£0.00,C,£3847.53
"Current Account",,,23/11/2016,"ATM","Everyday Expenses:Spending Money","Everyday Expenses","Spending Money",,£20.00,£0.00,C,£3827.53
"Current Account",,,24/11/2016,"EE","Monthly Bills:Phone","Monthly Bills","Phone",,£44.80,£0.00,C,£3782.73
"Current Account",,,25/11/2016,"Sky","Income:Available next month","Income","Available next month",,£0.00,£2516.42,C,£6299.15
"Current Account",,,25/11/2016,"Richmond Council","Monthly Bills:Council tax","Monthly Bills","Council tax",,£0.00,£254.46,C,£6553.61
"Current Account",,,28/11/2016,"Transfer : Barclays ISA",,,,,£600.00,£0.00,C,£5953.61
"Current Account",,,29/11/2016,"zac","Monthly Bills:Rent/Mortgage","Monthly Bills","Rent/Mortgage",,£0.00,£675.00,C,£6628.61
"Current Account",,,29/11/2016,"Rent","Monthly Bills:Rent/Mortgage","Monthly Bills","Rent/Mortgage",,£1433.00,£0.00,C,£5195.61
"Current Account",,,30/11/2016,"zac","Monthly Bills:Rent/Mortgage","Monthly Bills","Rent/Mortgage",,£0.00,£41.50,C,£5237.11
"Current Account",,,01/12/2016,"Road tax","Monthly Bills:Road Tax","Monthly Bills","Road Tax",,£23.18,£0.00,C,£5213.93
"Current Account",,,01/12/2016,"Transfer : Barclays ISA",,,,,£1042.68,£0.00,C,£4171.25
"Current Account",,,06/12/2016,"Netflix","Monthly Bills:Netflix","Monthly Bills","Netflix",,£8.99,£0.00,C,£4162.26
"Current Account",,,07/12/2016,"Theatre Tickets","Rainy Day Funds:Christmas","Rainy Day Funds","Christmas",,£94.43,£0.00,C,£4067.83
"Current Account",,,07/12/2016,"Transfer : Amex",,,,,£538.73,£0.00,C,£3529.10
"Current Account",,,13/12/2016,"zac","Monthly Bills:Netflix","Monthly Bills","Netflix",,£0.00,£34.44,C,£3563.54
"Current Account",,,13/12/2016,"zac","Monthly Bills:Council tax","Monthly Bills","Council tax",,£141.29,£0.00,C,£3422.25
"Current Account",,,14/12/2016,"Parking","Everyday Expenses:Spending Money","Everyday Expenses","Spending Money",,£2.80,£0.00,C,£3419.45
"Current Account",,,14/12/2016,"Parking","Everyday Expenses:Spending Money","Everyday Expenses","Spending Money",,£3.30,£0.00,C,£3416.15
"Current Account",,,14/12/2016,"ATM","Everyday Expenses:Spending Money","Everyday Expenses","Spending Money",,£20.00,£0.00,C,£3396.15
"Current Account",,,16/12/2016,"pub","Everyday Expenses:Restaurants","Everyday Expenses","Restaurants",,£14.00,£0.00,C,£3382.15
"Current Account",,,21/12/2016,"Sky","Income:Available next month","Income","Available next month",,£0.00,£2516.42,C,£5898.57
"Current Account",,,21/12/2016,"Parking","Everyday Expenses:Spending Money","Everyday Expenses","Spending Money",,£3.30,£0.00,C,£5895.27
"Current Account",,,22/12/2016,"ATM","Everyday Expenses:Spending Money","Everyday Expenses","Spending Money",,£20.00,£0.00,C,£5875.27
"Current Account",,,22/12/2016,"Stacey","Rainy Day Funds:Christmas","Rainy Day Funds","Christmas",,£100.00,£0.00,C,£5775.27
"Current Account",,,24/12/2016,"SkyRewards","Rainy Day Funds:Emergency Fund","Rainy Day Funds","Emergency Fund",,£23.00,£0.00,C,£5752.27
"Current Account",,,24/12/2016,"SkyRewards","Rainy Day Funds:Emergency Fund","Rainy Day Funds","Emergency Fund",,£92.00,£0.00,C,£5660.27
"Current Account",,,24/12/2016,"SkyRewards","Rainy Day Funds:Emergency Fund","Rainy Day Funds","Emergency Fund",,£138.00,£0.00,C,£5522.27
"Current Account",,,26/12/2016,"Apple","Everyday Expenses:Spending Money","Everyday Expenses","Spending Money",,£0.79,£0.00,C,£5521.48
"Current Account",,,28/12/2016,"Parking","Everyday Expenses:Spending Money","Everyday Expenses","Spending Money",,£1.80,£0.00,C,£5519.68
"Current Account",,,28/12/2016,"zac","Rainy Day Funds:Emergency Fund","Rainy Day Funds","Emergency Fund",,£24.20,£0.00,C,£5495.48
"Current Account",,,28/12/2016,"zac","Monthly Bills:Water","Monthly Bills","Water",,£25.88,£0.00,C,£5469.60
"Current Account",,,28/12/2016,"EE","Monthly Bills:Phone","Monthly Bills","Phone",,£44.80,£0.00,C,£5424.80
"Current Account",,,29/12/2016,"Rent","Monthly Bills:Rent/Mortgage","Monthly Bills","Rent/Mortgage",,£1433.00,£0.00,C,£3991.80
"Current Account",,,30/12/2016,"zac","Monthly Bills:Rent/Mortgage","Monthly Bills","Rent/Mortgage",,£0.00,£716.50,C,£4708.30
"Current Account",,,30/12/2016,"Dominos","Everyday Expenses:Restaurants","Everyday Expenses","Restaurants",,£23.98,£0.00,C,£4684.32
"Current Account",,,01/01/2017,"Road tax","Monthly Bills:Road Tax","Monthly Bills","Road Tax",,£23.18,£0.00,C,£4661.14
"Current Account",,,03/01/2017,"Parking","Everyday Expenses:Spending Money","Everyday Expenses","Spending Money",,£3.30,£0.00,C,£4657.84
"Current Account",,,04/01/2017,"zac","Everyday Expenses:Restaurants","Everyday Expenses","Restaurants",,£25.00,£0.00,C,£4632.84
"Current Account",,,05/01/2017,"Sky Restaurant","Everyday Expenses:Sky Restaurant","Everyday Expenses","Sky Restaurant",,£20.00,£0.00,C,£4612.84
"Current Account",,,05/01/2017,"Transfer : Amex",,,,,£1107.22,£0.00,C,£3505.62
"Current Account",,,06/01/2017,"Netflix","Monthly Bills:Netflix","Monthly Bills","Netflix",,£8.99,£0.00,C,£3496.63
"Current Account",,,07/01/2017,"Tfl","Everyday Expenses:Spending Money","Everyday Expenses","Spending Money",,£6.20,£0.00,C,£3490.43
"Current Account",,,07/01/2017,"pub","Everyday Expenses:Restaurants","Everyday Expenses","Restaurants",,£9.15,£0.00,C,£3481.28
"Current Account",,,07/01/2017,"Restaurant","Everyday Expenses:Restaurants","Everyday Expenses","Restaurants",,£32.00,£0.00,C,£3449.28
"Current Account",,,10/01/2017,"Parking","Everyday Expenses:Spending Money","Everyday Expenses","Spending Money",,£3.30,£0.00,C,£3445.98
"Current Account",,,10/01/2017,"Sky Hairdresser","Everyday Expenses:Spending Money","Everyday Expenses","Spending Money",,£15.00,£0.00,C,£3430.98
"Current Account",,,12/01/2017,"Parking","Everyday Expenses:Spending Money","Everyday Expenses","Spending Money",,£1.40,£0.00,C,£3429.58
"Current Account",,,12/01/2017,"Parking","Everyday Expenses:Spending Money","Everyday Expenses","Spending Money",,£3.30,£0.00,C,£3426.28
"Current Account",,,16/01/2017,"Sky Restaurant","Everyday Expenses:Sky Restaurant","Everyday Expenses","Sky Restaurant",,£20.00,£0.00,C,£3406.28
"Current Account",,,17/01/2017,"Costa","Everyday Expenses:Spending Money","Everyday Expenses","Spending Money",,£2.55,£0.00,C,£3403.73
"Current Account",,,17/01/2017,"Parking","Everyday Expenses:Spending Money","Everyday Expenses","Spending Money",,£3.30,£0.00,C,£3400.43
"Current Account",,,17/01/2017,"Omer","Everyday Expenses:Restaurants","Everyday Expenses","Restaurants",,£5.00,£0.00,C,£3395.43
"Current Account",,,17/01/2017,"Tfl","Everyday Expenses:Spending Money","Everyday Expenses","Spending Money",,£6.20,£0.00,C,£3389.23
"Current Account",,,17/01/2017,"Persian Palace","Everyday Expenses:Restaurants","Everyday Expenses","Restaurants",,£8.00,£0.00,C,£3381.23
"Current Account",,,17/01/2017,"Theatre","Everyday Expenses:Restaurants","Everyday Expenses","Restaurants",,£9.00,£0.00,C,£3372.23
"Current Account",,,17/01/2017,"McDonald's","Everyday Expenses:Restaurants","Everyday Expenses","Restaurants",,£9.18,£0.00,C,£3363.05
"Current Account",,,18/01/2017,"zac","Monthly Bills:Internet","Monthly Bills","Internet",,£13.70,£0.00,C,£3349.35
"Current Account",,,19/01/2017,"zac","Monthly Bills:Council tax","Monthly Bills","Council tax",,£141.00,£0.00,C,£3208.35
"Current Account",,,20/01/2017,"Indian Relish","Everyday Expenses:Restaurants","Everyday Expenses","Restaurants",,£50.18,£0.00,C,£3158.17
"Current Account",,,22/01/2017,"Cineworld","Everyday Expenses:Spending Money","Everyday Expenses","Spending Money",,£1.00,£0.00,C,£3157.17
"Current Account",,,22/01/2017,"Cineworld","Everyday Expenses:Spending Money","Everyday Expenses","Spending Money",,£8.50,£0.00,C,£3148.67
"Current Account",,,22/01/2017,"SkyRewards","Everyday Expenses:Spending Money","Everyday Expenses","Spending Money",,£13.00,£0.00,C,£3135.67
"Current Account",,,24/01/2017,"Parking","Everyday Expenses:Spending Money","Everyday Expenses","Spending Money",,£3.30,£0.00,C,£3132.37
"Current Account",,,25/01/2017,"EE","Monthly Bills:Phone","Monthly Bills","Phone",,£44.80,£0.00,C,£3087.57
"Current Account",,,26/01/2017,"zac","Monthly Bills:Sky TV","Monthly Bills","Sky TV",,£6.25,£0.00,C,£3081.32
"Current Account",,,27/01/2017,"Sky UK Limited","Income:Available next month","Income","Available next month",,£0.00,£2416.43,C,£5497.75
"Current Account",,,27/01/2017,"pub","Everyday Expenses:Restaurants","Everyday Expenses","Restaurants",,£23.50,£0.00,C,£5474.25
"Current Account",,,27/01/2017,"123-reg","Everyday Expenses:Spending Money","Everyday Expenses","Spending Money",,£35.99,£0.00,C,£5438.26
"Current Account",,,27/01/2017,"Transfer : Barclays ISA",,,,,£329.20,£0.00,C,£5109.06
"Current Account",,,28/01/2017,"Tfl","Everyday Expenses:Spending Money","Everyday Expenses","Spending Money",,£6.20,£0.00,C,£5102.86
"Current Account",,,28/01/2017,"zac","Monthly Bills:Water","Monthly Bills","Water",,£25.86,£0.00,C,£5077.00
"Current Account",,,30/01/2017,"zac","Monthly Bills:Rent/Mortgage","Monthly Bills","Rent/Mortgage",,£0.00,£716.50,C,£5793.50
"Current Account",,,30/01/2017,"Rent","Monthly Bills:Rent/Mortgage","Monthly Bills","Rent/Mortgage",,£1433.00,£0.00,C,£4360.50
"Current Account",,,31/01/2017,"Parking","Everyday Expenses:Spending Money","Everyday Expenses","Spending Money",,£3.30,£0.00,C,£4357.20
"Current Account",,,31/01/2017,"Sky Restaurant","Everyday Expenses:Sky Restaurant","Everyday Expenses","Sky Restaurant",,£20.00,£0.00,C,£4337.20
"Current Account",,,01/02/2017,"zac","Monthly Bills:Electricity","Monthly Bills","Electricity",,£0.00,£23.00,C,£4360.20
"Current Account",,,01/02/2017,"Road tax","Monthly Bills:Road Tax","Monthly Bills","Road Tax",,£23.18,£0.00,C,£4337.02
"Current Account",,,01/02/2017,"Southern Electric","Monthly Bills:Electricity","Monthly Bills","Electricity",,£46.00,£0.00,C,£4291.02
"Current Account",,,04/02/2017,"H&M","Everyday Expenses:Clothing","Everyday Expenses","Clothing",,£19.99,£0.00,C,£4271.03
"Current Account",,,05/02/2017,"Tfl","Everyday Expenses:Spending Money","Everyday Expenses","Spending Money",,£1.50,£0.00,C,£4269.53
"Current Account",,,05/02/2017,"Pizza Express","Everyday Expenses:Restaurants","Everyday Expenses","Restaurants",,£41.65,£0.00,C,£4227.88
"Current Account",,,05/02/2017,"Transfer : Amex",,,,,£556.59,£0.00,C,£3671.29
"Current Account",,,06/02/2017,"Tfl","Everyday Expenses:Spending Money","Everyday Expenses","Spending Money",,£1.50,£0.00,C,£3669.79
"Current Account",,,06/02/2017,"Netflix","Monthly Bills:Netflix","Monthly Bills","Netflix",,£8.99,£0.00,C,£3660.80
"Current Account",,,07/02/2017,"Moonpig","Rainy Day Funds:Birthdays","Rainy Day Funds","Birthdays",,£3.63,£0.00,C,£3657.17
"Current Account",,,07/02/2017,"Parking","Everyday Expenses:Spending Money","Everyday Expenses","Spending Money",,£4.80,£0.00,C,£3652.37
"Current Account",,,08/02/2017,"Omer","Everyday Expenses:Restaurants","Everyday Expenses","Restaurants",,£5.00,£0.00,C,£3647.37
"Current Account",,,09/02/2017,"ATM","Everyday Expenses:Spending Money","Everyday Expenses","Spending Money",,£20.00,£0.00,C,£3627.37
"Current Account",,,09/02/2017,"Admiral","Rainy Day Funds:Car Insurance","Rainy Day Funds","Car Insurance",,£896.75,£0.00,C,£2730.62
"Current Account",,,10/02/2017,"Restaurant","Everyday Expenses:Restaurants","Everyday Expenses","Restaurants",,£13.85,£0.00,C,£2716.77
"Current Account",,,10/02/2017,"Just Eat","Everyday Expenses:Restaurants","Everyday Expenses","Restaurants",,£23.70,£0.00,C,£2693.07
"Current Account",,,11/02/2017,"Cineworld","Everyday Expenses:Spending Money","Everyday Expenses","Spending Money",,£1.00,£0.00,C,£2692.07
"Current Account",,,11/02/2017,"SkyRewards","Everyday Expenses:Restaurants","Everyday Expenses","Restaurants",,£7.50,£0.00,C,£2684.57
"Current Account",,,11/02/2017,"SkyRewards","Everyday Expenses:Spending Money","Everyday Expenses","Spending Money",,£13.00,£0.00,C,£2671.57
"Current Account",,,15/02/2017,"Tfl","Everyday Expenses:Spending Money","Everyday Expenses","Spending Money",,£6.20,£0.00,C,£2665.37
"Current Account",,,15/02/2017,"Sky Restaurant","Everyday Expenses:Sky Restaurant","Everyday Expenses","Sky Restaurant",,£20.00,£0.00,C,£2645.37
"Current Account",,,15/02/2017,"Ask Italian","Rainy Day Funds:Birthdays","Rainy Day Funds","Birthdays",,£65.90,£0.00,C,£2579.47
"Current Account",,,17/02/2017,"zac","Monthly Bills:Internet","Monthly Bills","Internet",,£13.70,£0.00,C,£2565.77
"Current Account",,,17/02/2017,"pub","Everyday Expenses:Restaurants","Everyday Expenses","Restaurants",,£23.50,£0.00,C,£2542.27
"Current Account",,,23/02/2017,"Tfl","Everyday Expenses:Spending Money","Everyday Expenses","Spending Money",,£3.00,£0.00,C,£2539.27
"Current Account",,,23/02/2017,"justin guitar","Everyday Expenses:Spending Money","Everyday Expenses","Spending Money",,£32.99,£0.00,C,£2506.28
"Current Account",,,25/02/2017,"pub","Everyday Expenses:Restaurants","Everyday Expenses","Restaurants",,£6.30,£0.00,C,£2499.98
"Current Account",,,25/02/2017,"pub","Everyday Expenses:Restaurants","Everyday Expenses","Restaurants",,£6.30,£0.00,C,£2493.68
"Current Account",,,25/02/2017,"pub","Everyday Expenses:Restaurants","Everyday Expenses","Restaurants",,£6.30,£0.00,C,£2487.38
"Current Account",,,25/02/2017,"pub","Everyday Expenses:Restaurants","Everyday Expenses","Restaurants",,£6.30,£0.00,C,£2481.08
"Current Account",,,27/02/2017,"Sky UK Limited","Income:Available next month","Income","Available next month",,£0.00,£2416.42,C,£4897.50
"Current Account",,,27/02/2017,"EE","Monthly Bills:Phone","Monthly Bills","Phone",,£46.90,£0.00,C,£4850.60
"Current Account",,,27/02/2017,"Transfer : Barclays ISA",,,,,£570.06,£0.00,C,£4280.54
"Current Account",,,28/02/2017,"zac","Monthly Bills:Rent/Mortgage","Monthly Bills","Rent/Mortgage",,£0.00,£716.50,C,£4997.04
"Current Account",,,28/02/2017,"zac","Monthly Bills:Water","Monthly Bills","Water",,£25.86,£0.00,C,£4971.18
"Current Account",,,01/03/2017,"zac","Monthly Bills:Electricity","Monthly Bills","Electricity",,£0.00,£23.00,C,£4994.18
"Current Account",,,01/03/2017,"Tfl","Everyday Expenses:Spending Money","Everyday Expenses","Spending Money",,£3.80,£0.00,C,£4990.38
"Current Account",,,01/03/2017,"Tfl","Everyday Expenses:Spending Money","Everyday Expenses","Spending Money",,£4.30,£0.00,C,£4986.08
"Current Account",,,01/03/2017,"Costa","Everyday Expenses:Spending Money","Everyday Expenses","Spending Money",,£6.00,£0.00,C,£4980.08
"Current Account",,,01/03/2017,"Sky Restaurant","Everyday Expenses:Sky Restaurant","Everyday Expenses","Sky Restaurant",,£20.00,£0.00,C,£4960.08
"Current Account",,,01/03/2017,"zac","Rainy Day Funds:Birthdays","Rainy Day Funds","Birthdays",,£45.00,£0.00,C,£4915.08
"Current Account",,,01/03/2017,"Southern Electric","Monthly Bills:Electricity","Monthly Bills","Electricity",,£46.00,£0.00,C,£4869.08
"Current Account",,,01/03/2017,"Rent","Monthly Bills:Rent/Mortgage","Monthly Bills","Rent/Mortgage",,£1433.00,£0.00,C,£3436.08
"Current Account",,,02/03/2017,"ATM","Everyday Expenses:Spending Money","Everyday Expenses","Spending Money",,£20.00,£0.00,C,£3416.08
"Current Account",,,03/03/2017,"Cineworld","Everyday Expenses:Spending Money","Everyday Expenses","Spending Money",,£1.00,£0.00,C,£3415.08
"Current Account",,,03/03/2017,"Tfl","Everyday Expenses:Spending Money","Everyday Expenses","Spending Money",,£1.50,£0.00,C,£3413.58
"Current Account",,,03/03/2017,"pub","Everyday Expenses:Restaurants","Everyday Expenses","Restaurants",,£6.30,£0.00,C,£3407.28
"Current Account",,,03/03/2017,"SkyRewards","Everyday Expenses:Spending Money","Everyday Expenses","Spending Money",,£13.00,£0.00,C,£3394.28
"Current Account",,,04/03/2017,"Just Eat","Everyday Expenses:Restaurants","Everyday Expenses","Restaurants",,£19.49,£0.00,C,£3374.79
"Current Account",,,05/03/2017,"Just Eat","Everyday Expenses:Restaurants","Everyday Expenses","Restaurants",,£20.30,£0.00,C,£3354.49
"Current Account",,,06/03/2017,"Netflix","Monthly Bills:Netflix","Monthly Bills","Netflix",,£8.99,£0.00,C,£3345.50
"Current Account",,,06/03/2017,"Carwash","Everyday Expenses:Spending Money","Everyday Expenses","Spending Money",,£10.00,£0.00,C,£3335.50
"Current Account",,,06/03/2017,"Road tax","Monthly Bills:Road Tax","Monthly Bills","Road Tax",,£23.68,£0.00,C,£3311.82
"Current Account",,,08/03/2017,"Transfer : Amex",,,,,£717.23,£0.00,C,£2594.59
"Current Account",,,09/03/2017,"Omer","Everyday Expenses:Restaurants","Everyday Expenses","Restaurants",,£5.00,£0.00,C,£2589.59
"Current Account",,,10/03/2017,"zac","Everyday Expenses:Spending Money","Everyday Expenses","Spending Money",,£12.50,£0.00,C,£2577.09
"Current Account",,,10/03/2017,"pub","Everyday Expenses:Restaurants","Everyday Expenses","Restaurants",,£13.50,£0.00,C,£2563.59
"Current Account",,,12/03/2017,"zac","Everyday Expenses:Restaurants","Everyday Expenses","Restaurants",,£27.00,£0.00,C,£2536.59
"Current Account",,,16/03/2017,"pub","Everyday Expenses:Restaurants","Everyday Expenses","Restaurants",,£13.50,£0.00,C,£2523.09
"Current Account",,,17/03/2017,"subway","Everyday Expenses:Restaurants","Everyday Expenses","Restaurants",,£5.49,£0.00,C,£2517.60
"Current Account",,,17/03/2017,"zac","Everyday Expenses:Spending Money","Everyday Expenses","Spending Money",,£7.00,£0.00,C,£2510.60
"Current Account",,,20/03/2017,"pub","Everyday Expenses:Spending Money","Everyday Expenses","Spending Money",,£13.35,£0.00,C,£2497.25
"Current Account",,,20/03/2017,"pub","Everyday Expenses:Spending Money","Everyday Expenses","Spending Money",,£14.70,£0.00,C,£2482.55
"Current Account",,,20/03/2017,"pub","Everyday Expenses:Spending Money","Everyday Expenses","Spending Money",,£19.30,£0.00,C,£2463.25
"Current Account",,,20/03/2017,"pub","Everyday Expenses:Spending Money","Everyday Expenses","Spending Money",,£19.50,£0.00,C,£2443.75
"Current Account",,,20/03/2017,"zac","Everyday Expenses:Spending Money","Everyday Expenses","Spending Money",,£21.00,£0.00,C,£2422.75
"Current Account",,,20/03/2017,"ATM","Everyday Expenses:Spending Money","Everyday Expenses","Spending Money",,£40.00,£0.00,C,£2382.75
"Current Account",,,21/03/2017,"Sky Restaurant","Everyday Expenses:Sky Restaurant","Everyday Expenses","Sky Restaurant",,£20.00,£0.00,C,£2362.75
"Current Account",,,21/03/2017,"ATM","Everyday Expenses:Spending Money","Everyday Expenses","Spending Money",,£30.00,£0.00,C,£2332.75
"Current Account",,,22/03/2017,"Southern Electric","Monthly Bills:Electricity","Monthly Bills","Electricity",,£1.83,£0.00,C,£2330.92
"Current Account",,,22/03/2017,"zac","Monthly Bills:Internet","Monthly Bills","Internet",,£14.50,£0.00,C,£2316.42
"Current Account",,,23/03/2017,"ryanair","Savings Goals:Vacation","Savings Goals","Vacation",,£271.96,£0.00,C,£2044.46
"Current Account",,,24/03/2017,"pub","Everyday Expenses:Spending Money","Everyday Expenses","Spending Money",,£6.40,£0.00,C,£2038.06
"Current Account",,,24/03/2017,"EE","Monthly Bills:Phone","Monthly Bills","Phone",,£44.80,£0.00,C,£1993.26
"Current Account",,,25/03/2017,"SkyRewards","Rainy Day Funds:Birthdays","Rainy Day Funds","Birthdays",,£23.70,£0.00,C,£1969.56
"Current Account",,,25/03/2017,"Transfer : Barclays ISA",,,,,£600.00,£0.00,C,£1369.56
"Current Account",,,26/03/2017,"Just Eat","Rainy Day Funds:Birthdays","Rainy Day Funds","Birthdays",,£37.81,£0.00,C,£1331.75
"Current Account",,,27/03/2017,"Sky","Income:Available next month","Income","Available next month",,£0.00,£2416.42,C,£3748.17
"Current Account",,,28/03/2017,"Gsf Car Parts","Rainy Day Funds:Car Repairs","Rainy Day Funds","Car Repairs",,£11.51,£0.00,C,£3736.66
"Current Account",,,28/03/2017,"zac","Monthly Bills:Water","Monthly Bills","Water",,£25.86,£0.00,C,£3710.80
"Current Account",,,29/03/2017,"zac","Monthly Bills:Rent/Mortgage","Monthly Bills","Rent/Mortgage",,£0.00,£716.50,C,£4427.30
"Current Account",,,29/03/2017,"Rent","Monthly Bills:Rent/Mortgage","Monthly Bills","Rent/Mortgage",,£1433.00,£0.00,C,£2994.30
"Current Account",,,30/03/2017,"taste Of Lahore","Everyday Expenses:Restaurants","Everyday Expenses","Restaurants",,£5.00,£0.00,C,£2989.30
"Current Account",,,30/03/2017,"kebab shop","Everyday Expenses:Restaurants","Everyday Expenses","Restaurants",,£7.00,£0.00,C,£2982.30
"Current Account",,,30/03/2017,"pub","Everyday Expenses:Restaurants","Everyday Expenses","Restaurants",,£9.70,£0.00,C,£2972.60
"Current Account",,,31/03/2017,"Tfl","Everyday Expenses:Spending Money","Everyday Expenses","Spending Money",,£1.50,£0.00,C,£2971.10
"Current Account",,,31/03/2017,"pub","Everyday Expenses:Spending Money","Everyday Expenses","Spending Money",,£13.50,£0.00,C,£2957.60
"Current Account",,,01/04/2017,"Chopstix","Everyday Expenses:Restaurants","Everyday Expenses","Restaurants",,£6.50,£0.00,C,£2951.10
"Current Account",,,01/04/2017,"Road tax","Monthly Bills:Road Tax","Monthly Bills","Road Tax",,£23.62,£0.00,C,£2927.48
"Current Account",,,03/04/2017,"Southern Electric","Monthly Bills:Electricity","Monthly Bills","Electricity",,£46.00,£0.00,C,£2881.48
"Current Account",,,04/04/2017,"zac","Monthly Bills:Electricity","Monthly Bills","Electricity",,£0.00,£23.00,C,£2904.48
"Current Account",,,04/04/2017,"Netflix","Monthly Bills:Netflix","Monthly Bills","Netflix",,£8.99,£0.00,C,£2895.49
"Current Account",,,04/04/2017,"Sky Restaurant","Everyday Expenses:Sky Restaurant","Everyday Expenses","Sky Restaurant",,£20.00,£0.00,C,£2875.49
"Current Account",,,05/04/2017,"Omer","Everyday Expenses:Restaurants","Everyday Expenses","Restaurants",,£3.50,£0.00,C,£2871.99
"Current Account",,,06/04/2017,"Tfl","Everyday Expenses:Spending Money","Everyday Expenses","Spending Money",,£3.00,£0.00,C,£2868.99
"Current Account",,,06/04/2017,"Transfer : Amex",,,,,£279.74,£0.00,C,£2589.25
"Current Account",,,07/04/2017,"Tfl","Everyday Expenses:Spending Money","Everyday Expenses","Spending Money",,£1.50,£0.00,C,£2587.75
"Current Account",,,07/04/2017,"Sky Hairdresser","Everyday Expenses:Spending Money","Everyday Expenses","Spending Money",,£15.00,£0.00,C,£2572.75
"Current Account",,,07/04/2017,"MOT","Rainy Day Funds:Car MOT","Rainy Day Funds","Car MOT",,£50.00,£0.00,C,£2522.75
"Current Account",,,07/04/2017,"Mechanic","Rainy Day Funds:Car Repairs","Rainy Day Funds","Car Repairs",,£260.00,£0.00,C,£2262.75
"Current Account",,,08/04/2017,"pub","Everyday Expenses:Spending Money","Everyday Expenses","Spending Money",,£6.40,£0.00,C,£2256.35
"Current Account",,,08/04/2017,"pub","Everyday Expenses:Spending Money","Everyday Expenses","Spending Money",,£10.45,£0.00,C,£2245.90
"Current Account",,,09/04/2017,"pub","Everyday Expenses:Spending Money","Everyday Expenses","Spending Money",,£4.90,£0.00,C,£2241.00
"Current Account",,,10/04/2017,"zac","Monthly Bills:Council tax","Monthly Bills","Council tax",,£71.44,£0.00,C,£2169.56
"Current Account",,,11/04/2017,"German Doner Kebab","Everyday Expenses:Restaurants","Everyday Expenses","Restaurants",,£6.99,£0.00,C,£2162.57
"Current Account",,,13/04/2017,"Tfl","Everyday Expenses:Spending Money","Everyday Expenses","Spending Money",,£6.20,£0.00,C,£2156.37
"Current Account",,,13/04/2017,"Honest Burgers","Everyday Expenses:Restaurants","Everyday Expenses","Restaurants",,£26.00,£0.00,C,£2130.37
"Current Account",,,14/04/2017,"Stacey","Savings Goals:Vacation","Savings Goals","Vacation",,£0.00,£170.19,C,£2300.56
"Current Account",,,14/04/2017,"Travel Insurance","Savings Goals:Vacation","Savings Goals","Vacation",,£16.85,£0.00,C,£2283.71
"Current Account",,,15/04/2017,"Tfl","Everyday Expenses:Spending Money","Everyday Expenses","Spending Money",,£1.50,£0.00,C,£2282.21
"Current Account",,,15/04/2017,"pub","Everyday Expenses:Restaurants","Everyday Expenses","Restaurants",,£9.55,£0.00,C,£2272.66
"Current Account",,,17/04/2017,"pub","Everyday Expenses:Restaurants","Everyday Expenses","Restaurants",,£20.18,£0.00,C,£2252.48
"Current Account",,,18/04/2017,"ATM","Everyday Expenses:Spending Money","Everyday Expenses","Spending Money",,£10.00,£0.00,C,£2242.48
"Current Account",,,18/04/2017,"zac","Monthly Bills:Internet","Monthly Bills","Internet",,£14.50,£0.00,C,£2227.98
"Current Account",,,20/04/2017,"Transfer : Halifax Clarity Mastercard",,,,,£168.85,£0.00,C,£2059.13
"Current Account",,,20/04/2017,"Transfer : Halifax Clarity Mastercard",,,,,£344.46,£0.00,C,£1714.67
"Current Account",,,24/04/2017,"EE","Monthly Bills:Phone","Monthly Bills","Phone",,£47.32,£0.00,C,£1667.35
"Current Account",,,24/04/2017,"Transfer : Halifax Clarity Mastercard",,,,,£83.70,£0.00,C,£1583.65
"Current Account",,,25/04/2017,"Parking","Everyday Expenses:Spending Money","Everyday Expenses","Spending Money",,£2.00,£0.00,C,£1581.65
"Current Account",,,25/04/2017,"Costa","Everyday Expenses:Restaurants","Everyday Expenses","Restaurants",,£2.65,£0.00,C,£1579.00
"Current Account",,,25/04/2017,"Omer","Everyday Expenses:Restaurants","Everyday Expenses","Restaurants",,£5.00,£0.00,C,£1574.00
"Current Account",,,25/04/2017,"zac","Savings Goals:Vacation","Savings Goals","Vacation",,£100.00,£0.00,C,£1474.00
"Current Account",,,25/04/2017,"Transfer : Halifax Clarity Mastercard",,,,,£167.74,£0.00,C,£1306.26
"Current Account",,,26/04/2017,"Stacey","Savings Goals:Vacation","Savings Goals","Vacation",,£0.00,£430.00,C,£1736.26
"Current Account",,,27/04/2017,"Sky","Income:Available next month","Income","Available next month",,£0.00,£2433.00,C,£4169.26
"Current Account",,,27/04/2017,"Transfer : Barclays ISA",,,,,£600.00,£0.00,C,£3569.26
"Current Account",,,28/04/2017,"Tfl","Everyday Expenses:Spending Money","Everyday Expenses","Spending Money",,£1.50,£0.00,C,£3567.76
"Current Account",,,29/04/2017,"zac","Monthly Bills:Rent/Mortgage","Monthly Bills","Rent/Mortgage",,£0.00,£716.50,C,£4284.26
"Current Account",,,29/04/2017,"Tfl","Everyday Expenses:Spending Money","Everyday Expenses","Spending Money",,£1.50,£0.00,C,£4282.76
"Current Account",,,29/04/2017,"kebab shop","Everyday Expenses:Restaurants","Everyday Expenses","Restaurants",,£6.50,£0.00,C,£4276.26
"Current Account",,,29/04/2017,"pub","Everyday Expenses:Restaurants","Everyday Expenses","Restaurants",,£13.50,£0.00,C,£4262.76
"Current Account",,,29/04/2017,"zac","Monthly Bills:Water","Monthly Bills","Water",,£20.74,£0.00,C,£4242.02
"Current Account",,,29/04/2017,"Rent","Monthly Bills:Rent/Mortgage","Monthly Bills","Rent/Mortgage",,£1433.00,£0.00,C,£2809.02
"Current Account",,,30/04/2017,"Tfl","Everyday Expenses:Spending Money","Everyday Expenses","Spending Money",,£3.00,£0.00,C,£2806.02
"Current Account",,,01/05/2017,"Road tax","Monthly Bills:Road Tax","Monthly Bills","Road Tax",,£23.62,£0.00,C,£2782.40
"Current Account",,,02/05/2017,"zac","Monthly Bills:Electricity","Monthly Bills","Electricity",,£0.00,£23.00,C,£2805.40
"Current Account",,,02/05/2017,"zac","Everyday Expenses:Spending Money","Everyday Expenses","Spending Money",,£14.00,£0.00,C,£2791.40
"Current Account",,,02/05/2017,"Sky Restaurant","Everyday Expenses:Sky Restaurant","Everyday Expenses","Sky Restaurant",,£20.00,£0.00,C,£2771.40
"Current Account",,,02/05/2017,"Southern Electric","Monthly Bills:Electricity","Monthly Bills","Electricity",,£46.00,£0.00,C,£2725.40
"Current Account",,,04/05/2017,"Tfl","Everyday Expenses:Spending Money","Everyday Expenses","Spending Money",,£1.70,£0.00,C,£2723.70
"Current Account",,,04/05/2017,"Chickzee","Everyday Expenses:Restaurants","Everyday Expenses","Restaurants",,£6.00,£0.00,C,£2717.70
"Current Account",,,08/05/2017,"Tfl","Everyday Expenses:Spending Money","Everyday Expenses","Spending Money",,£3.00,£0.00,C,£2714.70
"Current Account",,,08/05/2017,"Tfl","Everyday Expenses:Spending Money","Everyday Expenses","Spending Money",,£7.90,£0.00,C,£2706.80
"Current Account",,,08/05/2017,"Netflix","Monthly Bills:Netflix","Monthly Bills","Netflix",,£8.99,£0.00,C,£2697.81
"Current Account",,,08/05/2017,"pub","Everyday Expenses:Restaurants","Everyday Expenses","Restaurants",,£9.04,£0.00,C,£2688.77
"Current Account",,,08/05/2017,"pub","Everyday Expenses:Restaurants","Everyday Expenses","Restaurants",,£12.60,£0.00,C,£2676.17
"Current Account",,,09/05/2017,"Transfer : Amex",,,,,£380.84,£0.00,C,£2295.33
"Current Account",,,10/05/2017,"Sky Restaurant","Everyday Expenses:Sky Restaurant","Everyday Expenses","Sky Restaurant",,£20.00,£0.00,C,£2275.33
"Current Account",,,10/05/2017,"zac","Monthly Bills:Council tax","Monthly Bills","Council tax",,£70.00,£0.00,C,£2205.33
"Current Account",,,11/05/2017,"ATM","Everyday Expenses:Spending Money","Everyday Expenses","Spending Money",,£10.00,£0.00,C,£2195.33
"Current Account",,,12/05/2017,"Omer","Everyday Expenses:Restaurants","Everyday Expenses","Restaurants",,£0.00,£5.00,C,£2200.33
"Current Account",,,12/05/2017,"pub","Everyday Expenses:Restaurants","Everyday Expenses","Restaurants",,£13.50,£0.00,C,£2186.83
"Current Account",,,16/05/2017,"Cex","Everyday Expenses:Spending Money","Everyday Expenses","Spending Money",,£12.00,£0.00,C,£2174.83
"Current Account",,,17/05/2017,"zac","Monthly Bills:Internet","Monthly Bills","Internet",,£14.50,£0.00,C,£2160.33
"Current Account",,,19/05/2017,"pub","Everyday Expenses:Restaurants","Everyday Expenses","Restaurants",,£7.75,£0.00,C,£2152.58
"Current Account",,,24/05/2017,"123-reg","Everyday Expenses:Spending Money","Everyday Expenses","Spending Money",,£9.59,£0.00,C,£2142.99
"Current Account",,,24/05/2017,"EE","Monthly Bills:Phone","Monthly Bills","Phone",,£45.91,£0.00,C,£2097.08
"Current Account",,,26/05/2017,"Sky","Income:Available next month","Income","Available next month",,£0.00,£2433.00,C,£4530.08
"Current Account",,,26/05/2017,"pub","Everyday Expenses:Restaurants","Everyday Expenses","Restaurants",,£13.50,£0.00,C,£4516.58
"Current Account",,,26/05/2017,"Transfer : Barclays ISA",,,,,£600.00,£0.00,C,£3916.58
"Current Account",,,27/05/2017,"Tfl","Everyday Expenses:Spending Money","Everyday Expenses","Spending Money",,£1.50,£0.00,C,£3915.08
"Current Account",,,27/05/2017,"Tfl","Everyday Expenses:Spending Money","Everyday Expenses","Spending Money",,£4.50,£0.00,C,£3910.58
"Current Account",,,27/05/2017,"pub","Everyday Expenses:Restaurants","Everyday Expenses","Restaurants",,£9.60,£0.00,C,£3900.98
"Current Account",,,27/05/2017,"Just Eat","Everyday Expenses:Restaurants","Everyday Expenses","Restaurants",,£13.49,£0.00,C,£3887.49
"Current Account",,,27/05/2017,"pub","Everyday Expenses:Restaurants","Everyday Expenses","Restaurants",,£14.40,£0.00,C,£3873.09
"Current Account",,,28/05/2017,"Tfl","Everyday Expenses:Spending Money","Everyday Expenses","Spending Money",,£4.50,£0.00,C,£3868.59
"Current Account",,,28/05/2017,"pub","Everyday Expenses:Restaurants","Everyday Expenses","Restaurants",,£10.19,£0.00,C,£3858.40
"Current Account",,,28/05/2017,"pub","Everyday Expenses:Restaurants","Everyday Expenses","Restaurants",,£26.00,£0.00,C,£3832.40
"Current Account",,,30/05/2017,"zac","Monthly Bills:Rent/Mortgage","Monthly Bills","Rent/Mortgage",,£0.00,£716.50,C,£4548.90
"Current Account",,,30/05/2017,"zac","Monthly Bills:Water","Monthly Bills","Water",,£20.70,£0.00,C,£4528.20
"Current Account",,,30/05/2017,"Rent","Monthly Bills:Rent/Mortgage","Monthly Bills","Rent/Mortgage",,£1433.00,£0.00,C,£3095.20
"Current Account",,,31/05/2017,"zac","Savings Goals:Vacation","Savings Goals","Vacation",,£0.00,£91.68,C,£3186.88
"Current Account",,,31/05/2017,"zac","Savings Goals:Vacation","Savings Goals","Vacation",,£0.00,£15.00,C,£3201.88
"Current Account",,,01/06/2017,"zac","Monthly Bills:Electricity","Monthly Bills","Electricity",,£0.00,£23.00,C,£3224.88
"Current Account",,,01/06/2017,"subway","Everyday Expenses:Restaurants","Everyday Expenses","Restaurants",,£5.20,£0.00,C,£3219.68
"Current Account",,,01/06/2017,"Dentist","Everyday Expenses:Spending Money","Everyday Expenses","Spending Money",,£20.60,£0.00,C,£3199.08
"Current Account",,,01/06/2017,"Road tax","Monthly Bills:Road Tax","Monthly Bills","Road Tax",,£23.62,£0.00,C,£3175.46
"Current Account",,,01/06/2017,"Southern Electric","Monthly Bills:Electricity","Monthly Bills","Electricity",,£46.00,£0.00,C,£3129.46
"Current Account",,,02/06/2017,"Tfl","Everyday Expenses:Spending Money","Everyday Expenses","Spending Money",,£2.40,£0.00,C,£3127.06
"Current Account",,,04/06/2017,"Tfl","Everyday Expenses:Spending Money","Everyday Expenses","Spending Money",,£1.50,£0.00,C,£3125.56
"Current Account",,,05/06/2017,"Netflix","Monthly Bills:Netflix","Monthly Bills","Netflix",,£8.99,£0.00,C,£3116.57
"Current Account",,,06/06/2017,"Transfer : Amex",,,,,£539.35,£0.00,C,£2577.22
"Current Account",,,07/06/2017,"Sky Hairdresser","Everyday Expenses:Spending Money","Everyday Expenses","Spending Money",,£15.00,£0.00,C,£2562.22
"Current Account",,,07/06/2017,"Sky Restaurant","Everyday Expenses:Sky Restaurant","Everyday Expenses","Sky Restaurant",,£20.00,£0.00,C,£2542.22
"Current Account",,,09/06/2017,"pub","Everyday Expenses:Restaurants","Everyday Expenses","Restaurants",,£13.50,£0.00,C,£2528.72
"Current Account",,,09/06/2017,"pub","Everyday Expenses:Restaurants","Everyday Expenses","Restaurants",,£28.60,£0.00,C,£2500.12
"Current Account",,,10/06/2017,"Su","Everyday Expenses:Spending Money","Everyday Expenses","Spending Money",,£6.60,£0.00,C,£2493.52
"Current Account",,,10/06/2017,"Su","Everyday Expenses:Spending Money","Everyday Expenses","Spending Money",,£14.40,£0.00,C,£2479.12
"Current Account",,,10/06/2017,"Just Eat","Everyday Expenses:Restaurants","Everyday Expenses","Restaurants",,£26.96,£0.00,C,£2452.16
"Current Account",,,14/06/2017,"Tenpin","Rainy Day Funds:Birthdays","Rainy Day Funds","Birthdays",,£38.70,£0.00,C,£2413.46
"Current Account",,,15/06/2017,"Parking","Everyday Expenses:Spending Money","Everyday Expenses","Spending Money",,£2.20,£0.00,C,£2411.26
"Current Account",,,15/06/2017,"Dentist","Everyday Expenses:Spending Money","Everyday Expenses","Spending Money",,£35.70,£0.00,C,£2375.56
"Current Account",,,15/06/2017,"visa","Savings Goals:Vacation","Savings Goals","Vacation",,£126.40,£0.00,C,£2249.16
"Current Account",,,18/06/2017,"zac","Monthly Bills:Internet","Monthly Bills","Internet",,£14.50,£0.00,C,£2234.66
"Current Account",,,19/06/2017,"Tfl","Everyday Expenses:Spending Money","Everyday Expenses","Spending Money",,£1.50,£0.00,C,£2233.16
"Current Account",,,19/06/2017,"pub","Everyday Expenses:Restaurants","Everyday Expenses","Restaurants",,£7.10,£0.00,C,£2226.06
"Current Account",,,19/06/2017,"pub","Everyday Expenses:Restaurants","Everyday Expenses","Restaurants",,£7.20,£0.00,C,£2218.86
"Current Account",,,19/06/2017,"pub","Everyday Expenses:Restaurants","Everyday Expenses","Restaurants",,£8.45,£0.00,C,£2210.41
"Current Account",,,19/06/2017,"Blue's Smokehouse","Everyday Expenses:Restaurants","Everyday Expenses","Restaurants",,£17.93,£0.00,C,£2192.48
"Current Account",,,19/06/2017,"pub","Everyday Expenses:Restaurants","Everyday Expenses","Restaurants",,£29.10,£0.00,C,£2163.38
"Current Account",,,21/06/2017,"ATM","Rainy Day Funds:Birthdays","Rainy Day Funds","Birthdays",,£10.00,£0.00,C,£2153.38
"Current Account",,,22/06/2017,"Stacey","Savings Goals:Vacation","Savings Goals","Vacation","(Split 1/2) ",£0.00,£256.01,C,£2458.38
"Current Account",,,22/06/2017,"Stacey","Everyday Expenses:Spending Money","Everyday Expenses","Spending Money","(Split 2/2) ",£0.00,£48.99,C,£2458.38
"Current Account",,,22/06/2017,"ATM","Everyday Expenses:Spending Money","Everyday Expenses","Spending Money",,£10.00,£0.00,C,£2448.38
"Current Account",,,22/06/2017,"Sky Restaurant","Everyday Expenses:Sky Restaurant","Everyday Expenses","Sky Restaurant",,£20.00,£0.00,C,£2428.38
"Current Account",,,23/06/2017,"zac","Everyday Expenses:Spending Money","Everyday Expenses","Spending Money",,£0.00,£8.00,C,£2436.38
"Current Account",,,23/06/2017,"pub","Everyday Expenses:Restaurants","Everyday Expenses","Restaurants",,£3.50,£0.00,C,£2432.88
"Current Account",,,23/06/2017,"Stacey","Everyday Expenses:Spending Money","Everyday Expenses","Spending Money",,£16.00,£0.00,C,£2416.88
"Current Account",,,24/06/2017,"Tfl","Everyday Expenses:Spending Money","Everyday Expenses","Spending Money",,£3.10,£0.00,C,£2413.78
"Current Account",,,24/06/2017,"pub","Everyday Expenses:Restaurants","Everyday Expenses","Restaurants",,£8.78,£0.00,C,£2405.00
"Current Account",,,24/06/2017,"pub","Everyday Expenses:Restaurants","Everyday Expenses","Restaurants",,£15.20,£0.00,C,£2389.80
"Current Account",,,24/06/2017,"pub","Everyday Expenses:Restaurants","Everyday Expenses","Restaurants",,£15.20,£0.00,C,£2374.60
"Current Account",,,24/06/2017,"pub","Everyday Expenses:Restaurants","Everyday Expenses","Restaurants",,£15.20,£0.00,C,£2359.40
"Current Account",,,24/06/2017,"tomasz szuberski","Savings Goals:Vacation","Savings Goals","Vacation",,£148.83,£0.00,C,£2210.57
"Current Account",,,25/06/2017,"Tfl","Everyday Expenses:Spending Money","Everyday Expenses","Spending Money",,£3.10,£0.00,C,£2207.47
"Current Account",,,26/06/2017,"Tfl","Everyday Expenses:Spending Money","Everyday Expenses","Spending Money",,£6.20,£0.00,C,£2201.27
"Current Account",,,26/06/2017,"EE","Monthly Bills:Phone","Monthly Bills","Phone",,£45.91,£0.00,C,£2155.36
"Current Account",,,27/06/2017,"Sky","Income:Available next month","Income","Available next month",,£0.00,£2432.80,C,£4588.16
"Current Account",,,27/06/2017,"zac","Everyday Expenses:Spending Money","Everyday Expenses","Spending Money",,£7.99,£0.00,C,£4580.17
"Current Account",,,27/06/2017,"Transfer : Barclays ISA",,,,,£500.00,£0.00,C,£4080.17
"Current Account",,,28/06/2017,"ATM","Everyday Expenses:Spending Money","Everyday Expenses","Spending Money",,£20.00,£0.00,C,£4060.17
"Current Account",,,28/06/2017,"zac","Monthly Bills:Water","Monthly Bills","Water",,£21.72,£0.00,C,£4038.45
"Current Account",,,29/06/2017,"zac","Monthly Bills:Rent/Mortgage","Monthly Bills","Rent/Mortgage",,£0.00,£716.50,C,£4754.95
"Current Account",,,29/06/2017,"tomasz szuberski","Savings Goals:Vacation","Savings Goals","Vacation",,£0.00,£37.08,C,£4792.03
"Current Account",,,29/06/2017,"Rent","Monthly Bills:Rent/Mortgage","Monthly Bills","Rent/Mortgage",,£1433.00,£0.00,C,£3359.03
"Current Account",,,01/07/2017,"Road tax","Monthly Bills:Road Tax","Monthly Bills","Road Tax",,£23.62,£0.00,C,£3335.41
"Current Account",,,01/07/2017,"Topgolf","Everyday Expenses:Spending Money","Everyday Expenses","Spending Money",,£31.00,£0.00,C,£3304.41
"Current Account",,,02/07/2017,"AutoAid","Rainy Day Funds:Breakdown Cover","Rainy Day Funds","Breakdown Cover",,£43.31,£0.00,C,£3261.10
"Current Account",,,03/07/2017,"zac","Monthly Bills:Electricity","Monthly Bills","Electricity",,£0.00,£23.00,C,£3284.10
"Current Account",,,03/07/2017,"Tfl","Everyday Expenses:Spending Money","Everyday Expenses","Spending Money",,£7.80,£0.00,C,£3276.30
"Current Account",,,03/07/2017,"Southern Electric","Monthly Bills:Electricity","Monthly Bills","Electricity",,£46.00,£0.00,C,£3230.30
"Current Account",,,03/07/2017,"Sam Billaud","Everyday Expenses:Spending Money","Everyday Expenses","Spending Money",,£74.00,£0.00,C,£3156.30
"Current Account",,,04/07/2017,"German Doner Kebab","Everyday Expenses:Restaurants","Everyday Expenses","Restaurants",,£7.49,£0.00,C,£3148.81
"Current Account",,,04/07/2017,"Netflix","Monthly Bills:Netflix","Monthly Bills","Netflix",,£8.99,£0.00,C,£3139.82
"Current Account",,,05/07/2017,"Sky Restaurant","Everyday Expenses:Sky Restaurant","Everyday Expenses","Sky Restaurant",,£20.00,£0.00,C,£3119.82
"Current Account",,,06/07/2017,"Tfl","Everyday Expenses:Spending Money","Everyday Expenses","Spending Money",,£1.50,£0.00,C,£3118.32
"Current Account",,,07/07/2017,"pub","Everyday Expenses:Restaurants","Everyday Expenses","Restaurants",,£13.50,£0.00,C,£3104.82
"Current Account",,,07/07/2017,"Dominos","Everyday Expenses:Restaurants","Everyday Expenses","Restaurants",,£18.98,£0.00,C,£3085.84
"Current Account",,,07/07/2017,"Transfer : Amex",,,,,£1162.11,£0.00,C,£1923.73
"Current Account",,,08/07/2017,"Tfl","Everyday Expenses:Spending Money","Everyday Expenses","Spending Money",,£1.50,£0.00,C,£1922.23
"Current Account",,,08/07/2017,"pub","Everyday Expenses:Restaurants","Everyday Expenses","Restaurants",,£19.50,£0.00,C,£1902.73
"Current Account",,,09/07/2017,"tomasz szuberski","Everyday Expenses:Spending Money","Everyday Expenses","Spending Money",,£10.00,£0.00,C,£1892.73
"Current Account",,,09/07/2017,"tomasz szuberski","Everyday Expenses:Spending Money","Everyday Expenses","Spending Money",,£10.00,£0.00,C,£1882.73
"Current Account",,,10/07/2017,"zac","Monthly Bills:Council tax","Monthly Bills","Council tax",,£70.00,£0.00,C,£1812.73
"Current Account",,,12/07/2017,"Indian Relish","Everyday Expenses:Restaurants","Everyday Expenses","Restaurants",,£31.23,£0.00,C,£1781.50
"Current Account",,,13/07/2017,"Stacey","Savings Goals:Vacation","Savings Goals","Vacation",,£0.00,£150.00,C,£1931.50
"Current Account",,,13/07/2017,"pub","Everyday Expenses:Restaurants","Everyday Expenses","Restaurants",,£3.65,£0.00,C,£1927.85
"Current Account",,,13/07/2017,"Tfl","Everyday Expenses:Spending Money","Everyday Expenses","Spending Money",,£4.50,£0.00,C,£1923.35
"Current Account",,,13/07/2017,"Honest Burgers","Everyday Expenses:Restaurants","Everyday Expenses","Restaurants",,£11.40,£0.00,C,£1911.95
"Current Account",,,14/07/2017,"pub","Everyday Expenses:Restaurants","Everyday Expenses","Restaurants",,£13.50,£0.00,C,£1898.45
"Current Account",,,14/07/2017,"zac","Savings Goals:Vacation","Savings Goals","Vacation",,£300.00,£0.00,C,£1598.45
"Current Account",,,17/07/2017,"Tfl","Everyday Expenses:Spending Money","Everyday Expenses","Spending Money",,£6.20,£0.00,C,£1592.25
"Current Account",,,17/07/2017,"Tfl","Everyday Expenses:Spending Money","Everyday Expenses","Spending Money",,£10.80,£0.00,C,£1581.45
"Current Account",,,17/07/2017,"Sky Restaurant","Everyday Expenses:Sky Restaurant","Everyday Expenses","Sky Restaurant",,£20.00,£0.00,C,£1561.45
"Current Account",,,21/07/2017,"Sky Restaurant","Everyday Expenses:Sky Restaurant","Everyday Expenses","Sky Restaurant",,£20.00,£0.00,C,£1541.45
"Current Account",,,22/07/2017,"Clark's Shoes","Everyday Expenses:Clothing","Everyday Expenses","Clothing",,£95.00,£0.00,C,£1446.45
"Current Account",,,24/07/2017,"zac","Monthly Bills:Internet","Monthly Bills","Internet",,£14.50,£0.00,C,£1431.95
"Current Account",,,24/07/2017,"EE","Monthly Bills:Phone","Monthly Bills","Phone",,£46.42,£0.00,C,£1385.53
"Current Account",,,25/07/2017,"ATM","Everyday Expenses:Spending Money","Everyday Expenses","Spending Money",,£10.00,£0.00,C,£1375.53
"Current Account",,,26/07/2017,"pub","Everyday Expenses:Restaurants","Everyday Expenses","Restaurants",,£12.00,£0.00,C,£1363.53
"Current Account",,,27/07/2017,"Sky UK Limited","Income:Available next month","Income","Available next month",,£0.00,£2482.23,C,£3845.76
"Current Account",,,28/07/2017,"zac","Everyday Expenses:Restaurants","Everyday Expenses","Restaurants",,£10.40,£0.00,C,£3835.36
"Current Account",,,28/07/2017,"pub","Everyday Expenses:Restaurants","Everyday Expenses","Restaurants",,£13.50,£0.00,C,£3821.86
"Current Account",,,28/07/2017,"zac","Monthly Bills:Water","Monthly Bills","Water",,£20.72,£0.00,C,£3801.14
"Current Account",,,31/07/2017,"zac","Monthly Bills:Rent/Mortgage","Monthly Bills","Rent/Mortgage",,£0.00,£716.50,C,£4517.64
"Current Account",,,31/07/2017,"Rent","Monthly Bills:Rent/Mortgage","Monthly Bills","Rent/Mortgage",,£1433.00,£0.00,C,£3084.64
"Current Account",,,01/08/2017,"zac","Monthly Bills:Electricity","Monthly Bills","Electricity",,£0.00,£23.00,C,£3107.64
"Current Account",,,01/08/2017,"symless","Everyday Expenses:Spending Money","Everyday Expenses","Spending Money",,£14.81,£0.00,C,£3092.83
"Current Account",,,01/08/2017,"Road tax","Monthly Bills:Road Tax","Monthly Bills","Road Tax",,£23.62,£0.00,C,£3069.21
"Current Account",,,01/08/2017,"Southern Electric","Monthly Bills:Electricity","Monthly Bills","Electricity",,£46.00,£0.00,C,£3023.21
"Current Account",,,02/08/2017,"Sky Hairdresser","Everyday Expenses:Spending Money","Everyday Expenses","Spending Money",,£15.00,£0.00,C,£3008.21
"Current Account",,,02/08/2017,"Sky Restaurant","Everyday Expenses:Sky Restaurant","Everyday Expenses","Sky Restaurant",,£20.00,£0.00,C,£2988.21
"Current Account",,,04/08/2017,"ATM","Rainy Day Funds:Emergency Fund","Rainy Day Funds","Emergency Fund",,£200.00,£0.00,C,£2788.21
"Current Account",,,07/08/2017,"Southern Electric","Monthly Bills:Electricity","Monthly Bills","Electricity",,£0.00,£29.39,C,£2817.60
"Current Account",,,07/08/2017,"Netflix","Monthly Bills:Netflix","Monthly Bills","Netflix",,£8.99,£0.00,C,£2808.61
"Current Account",,,07/08/2017,"Transfer : Halifax Clarity Mastercard",,,,,£105.16,£0.00,C,£2703.45
"Current Account",,,07/08/2017,"Transfer : Amex",,,,,£771.50,£0.00,C,£1931.95
"Current Account",,,09/08/2017,"Stacey","Savings Goals:Vacation","Savings Goals","Vacation",,£0.00,£60.00,C,£1991.95
"Current Account",,,09/08/2017,"Transfer : Halifax Clarity Mastercard",,,,,£38.77,£0.00,C,£1953.18
"Current Account",,,10/08/2017,"zac","Monthly Bills:Electricity","Monthly Bills","Electricity",,£14.69,£0.00,C,£1938.49
"Current Account",,,10/08/2017,"zac","Monthly Bills:Council tax","Monthly Bills","Council tax",,£70.00,£0.00,C,£1868.49
"Current Account",,,12/08/2017,"pub","Everyday Expenses:Restaurants","Everyday Expenses","Restaurants",,£20.50,£0.00,C,£1847.99
"Current Account",,,13/08/2017,"pub","Everyday Expenses:Restaurants","Everyday Expenses","Restaurants",,£10.05,£0.00,C,£1837.94
"Current Account",,,13/08/2017,"pub","Everyday Expenses:Restaurants","Everyday Expenses","Restaurants",,£12.00,£0.00,C,£1825.94
"Current Account",,,13/08/2017,"pub","Everyday Expenses:Restaurants","Everyday Expenses","Restaurants",,£17.35,£0.00,C,£1808.59
"Current Account",,,15/08/2017,"Sky Restaurant","Everyday Expenses:Sky Restaurant","Everyday Expenses","Sky Restaurant",,£20.00,£0.00,C,£1788.59
"Current Account",,,17/08/2017,"zac","Monthly Bills:Internet","Monthly Bills","Internet",,£14.50,£0.00,C,£1774.09
"Current Account",,,22/08/2017,"zac","Rainy Day Funds:Emergency Fund","Rainy Day Funds","Emergency Fund",,£0.00,£457.64,C,£2231.73
"Current Account",,,22/08/2017,"Chickzee","Everyday Expenses:Restaurants","Everyday Expenses","Restaurants",,£6.00,£0.00,C,£2225.73
"Current Account",,,24/08/2017,"EE","Monthly Bills:Phone","Monthly Bills","Phone",,£45.91,£0.00,C,£2179.82
"Current Account",,,25/08/2017,"Sky","Income:Available next month","Income","Available next month",,£0.00,£4501.91,C,£6681.73
"Current Account",,,25/08/2017,"Tfl","Everyday Expenses:Spending Money","Everyday Expenses","Spending Money",,£1.50,£0.00,C,£6680.23
"Current Account",,,25/08/2017,"Sky Restaurant","Everyday Expenses:Sky Restaurant","Everyday Expenses","Sky Restaurant",,£20.00,£0.00,C,£6660.23
"Current Account",,,26/08/2017,"Topgolf","Rainy Day Funds:Birthdays","Rainy Day Funds","Birthdays",,£15.35,£0.00,C,£6644.88
"Current Account",,,26/08/2017,"Topgolf","Rainy Day Funds:Birthdays","Rainy Day Funds","Birthdays",,£36.00,£0.00,C,£6608.88
"Current Account",,,27/08/2017,"ethan","Everyday Expenses:Restaurants","Everyday Expenses","Restaurants",,£6.77,£0.00,C,£6602.11
"Current Account",,,28/08/2017,"Just Eat","Everyday Expenses:Restaurants","Everyday Expenses","Restaurants",,£21.90,£0.00,C,£6580.21
"Current Account",,,29/08/2017,"zac","Monthly Bills:Rent/Mortgage","Monthly Bills","Rent/Mortgage",,£0.00,£716.50,C,£7296.71
"Current Account",,,29/08/2017,"Rent","Monthly Bills:Rent/Mortgage","Monthly Bills","Rent/Mortgage",,£1433.00,£0.00,C,£5863.71
"Current Account",,,30/08/2017,"Iceland","Everyday Expenses:Groceries","Everyday Expenses","Groceries",,£3.90,£0.00,C,£5859.81
"Current Account",,,30/08/2017,"Cex","Everyday Expenses:Spending Money","Everyday Expenses","Spending Money",,£15.00,£0.00,C,£5844.81
"Current Account",,,31/08/2017,"Omer","Everyday Expenses:Spending Money","Everyday Expenses","Spending Money",,£5.50,£0.00,C,£5839.31
"Current Account",,,31/08/2017,"ATM","Everyday Expenses:Spending Money","Everyday Expenses","Spending Money",,£20.00,£0.00,C,£5819.31
"Current Account",,,01/09/2017,"Road tax","Monthly Bills:Road Tax","Monthly Bills","Road Tax",,£23.62,£0.00,C,£5795.69
"Current Account",,,01/09/2017,"Electricity","Monthly Bills:Electricity","Monthly Bills","Electricity",,£37.00,£0.00,C,£5758.69
"Current Account",,,01/09/2017,"TV Licence","Monthly Bills:TV Licence","Monthly Bills","TV Licence",,£147.00,£0.00,C,£5611.69
"Current Account",,,02/09/2017,"zac","Monthly Bills:TV Licence","Monthly Bills","TV Licence","(Split 1/3) ",£0.00,£73.50,C,£5683.69
"Current Account",,,02/09/2017,"zac","Monthly Bills:Electricity","Monthly Bills","Electricity","(Split 2/3) ",£0.00,£18.50,C,£5683.69
"Current Account",,,02/09/2017,"zac","Monthly Bills:Water","Monthly Bills","Water","(Split 3/3) ",£20.00,£0.00,C,£5683.69
"Current Account",,,04/09/2017,"Transfer : Halifax Clarity Mastercard",,,,,£92.39,£0.00,C,£5591.30
"Current Account",,,04/09/2017,"Transfer : Halifax Clarity Mastercard",,,,,£138.00,£0.00,C,£5453.30
"Current Account",,,04/09/2017,"Transfer : Halifax Clarity Mastercard",,,,,£184.01,£0.00,C,£5269.29
"Current Account",,,06/09/2017,"Netflix","Monthly Bills:Netflix","Monthly Bills","Netflix",,£8.99,£0.00,C,£5260.30
"Current Account",,,06/09/2017,"Transfer : Amex",,,,,£1643.49,£0.00,C,£3616.81
"Current Account",,,09/09/2017,"Transfer : Halifax Clarity Mastercard",,,,,£211.10,£0.00,C,£3405.71
"Current Account",,,11/09/2017,"Stacey","Savings Goals:Vacation","Savings Goals","Vacation",,£0.00,£370.00,C,£3775.71
"Current Account",,,11/09/2017,"zac","Monthly Bills:Council tax","Monthly Bills","Council tax",,£70.00,£0.00,C,£3705.71
"Current Account",,,12/09/2017,"Sky Restaurant","Everyday Expenses:Sky Restaurant","Everyday Expenses","Sky Restaurant",,£20.00,£0.00,C,£3685.71
"Current Account",,,12/09/2017,"Transfer : Halifax Clarity Mastercard",,,,,£138.05,£0.00,C,£3547.66
"Current Account",,,15/09/2017,"pub","Everyday Expenses:Restaurants","Everyday Expenses","Restaurants",,£13.50,£0.00,C,£3534.16
"Current Account",,,18/09/2017,"Budgens","Everyday Expenses:Spending Money","Everyday Expenses","Spending Money",,£13.16,£0.00,C,£3521.00
"Current Account",,,18/09/2017,"pub","Everyday Expenses:Restaurants","Everyday Expenses","Restaurants",,£29.00,£0.00,C,£3492.00
"Current Account",,,19/09/2017,"zac","Monthly Bills:Internet","Monthly Bills","Internet",,£14.50,£0.00,C,£3477.50
"Current Account",,,22/09/2017,"Tfl","Everyday Expenses:Spending Money","Everyday Expenses","Spending Money",,£1.50,£0.00,C,£3476.00
"Current Account",,,22/09/2017,"pub","Everyday Expenses:Restaurants","Everyday Expenses","Restaurants",,£13.50,£0.00,C,£3462.50
"Current Account",,,25/09/2017,"zac","Rainy Day Funds:Emergency Fund","Rainy Day Funds","Emergency Fund",,£0.00,£45.00,C,£3507.50
"Current Account",,,25/09/2017,"Sky Restaurant","Everyday Expenses:Sky Restaurant","Everyday Expenses","Sky Restaurant",,£20.00,£0.00,C,£3487.50
"Current Account",,,25/09/2017,"EE","Monthly Bills:Phone","Monthly Bills","Phone",,£45.91,£0.00,C,£3441.59
"Current Account",,,25/09/2017,"Frost Partnership","Rainy Day Funds:Emergency Fund","Rainy Day Funds","Emergency Fund",,£90.00,£0.00,C,£3351.59
"Current Account",,,27/09/2017,"Sky","Income:Available next month","Income","Available next month",,£0.00,£2478.96,C,£5830.55
"Current Account",,,27/09/2017,"Transfer : Halifax Clarity Mastercard",,,,,£0.23,£0.00,C,£5830.32
"Current Account",,,27/09/2017,"Omer","Everyday Expenses:Restaurants","Everyday Expenses","Restaurants",,£5.50,£0.00,C,£5824.82
"Current Account",,,27/09/2017,"Transfer : Barclays ISA",,,,,£2110.43,£0.00,C,£3714.39
"Current Account",,,28/09/2017,"zac","Monthly Bills:Water","Monthly Bills","Water",,£20.72,£0.00,C,£3693.67
"Current Account",,,29/09/2017,"zac","Monthly Bills:Rent/Mortgage","Monthly Bills","Rent/Mortgage",,£0.00,£716.50,C,£4410.17
"Current Account",,,29/09/2017,"pub","Everyday Expenses:Restaurants","Everyday Expenses","Restaurants",,£13.50,£0.00,C,£4396.67
"Current Account",,,29/09/2017,"Rent","Monthly Bills:Rent/Mortgage","Monthly Bills","Rent/Mortgage",,£1433.00,£0.00,C,£2963.67
"Current Account",,,01/10/2017,"Apple","Everyday Expenses:Spending Money","Everyday Expenses","Spending Money",,£3.99,£0.00,C,£2959.68
"Current Account",,,01/10/2017,"Road tax","Monthly Bills:Road Tax","Monthly Bills","Road Tax",,£23.62,£0.00,C,£2936.06
"Current Account",,,02/10/2017,"zac","Monthly Bills:Electricity","Monthly Bills","Electricity",,£0.00,£18.50,C,£2954.56
"Current Account",,,02/10/2017,"SkyRewards","Everyday Expenses:Spending Money","Everyday Expenses","Spending Money",,£13.00,£0.00,C,£2941.56
"Current Account",,,02/10/2017,"Southern Electric","Monthly Bills:Electricity","Monthly Bills","Electricity",,£37.00,£0.00,C,£2904.56
"Current Account",,,04/10/2017,"German Doner Kebab","Everyday Expenses:Restaurants","Everyday Expenses","Restaurants",,£7.49,£0.00,C,£2897.07
"Current Account",,,05/10/2017,"Sky Hairdresser","Everyday Expenses:Spending Money","Everyday Expenses","Spending Money",,£15.00,£0.00,C,£2882.07
"Current Account",,,05/10/2017,"Sky Restaurant","Everyday Expenses:Sky Restaurant","Everyday Expenses","Sky Restaurant",,£20.00,£0.00,C,£2862.07
"Current Account",,,06/10/2017,"Netflix","Monthly Bills:Netflix","Monthly Bills","Netflix",,£8.99,£0.00,C,£2853.08
"Current Account",,,06/10/2017,"pub","Everyday Expenses:Restaurants","Everyday Expenses","Restaurants",,£13.50,£0.00,C,£2839.58
"Current Account",,,06/10/2017,"Transfer : Amex",,,,,£378.75,£0.00,C,£2460.83
"Current Account",,,07/10/2017,"zac","Everyday Expenses:Spending Money","Everyday Expenses","Spending Money",,£0.00,£14.70,C,£2475.53
"Current Account",,,07/10/2017,"Just Eat","Everyday Expenses:Restaurants","Everyday Expenses","Restaurants",,£26.65,£0.00,C,£2448.88
"Current Account",,,09/10/2017,"Blizzard","Everyday Expenses:Spending Money","Everyday Expenses","Spending Money",,£3.99,£0.00,C,£2444.89
"Current Account",,,10/10/2017,"zac","Monthly Bills:Council tax","Monthly Bills","Council tax",,£70.00,£0.00,C,£2374.89
"Current Account",,,11/10/2017,"Tfl","Everyday Expenses:Spending Money","Everyday Expenses","Spending Money",,£1.50,£0.00,C,£2373.39
"Current Account",,,11/10/2017,"pub","Everyday Expenses:Restaurants","Everyday Expenses","Restaurants",,£5.55,£0.00,C,£2367.84
"Current Account",,,11/10/2017,"pub","Everyday Expenses:Restaurants","Everyday Expenses","Restaurants",,£5.55,£0.00,C,£2362.29
"Current Account",,,11/10/2017,"pub","Everyday Expenses:Restaurants","Everyday Expenses","Restaurants",,£5.55,£0.00,C,£2356.74
"Current Account",,,14/10/2017,"Parking","Everyday Expenses:Spending Money","Everyday Expenses","Spending Money",,£12.00,£0.00,C,£2344.74
"Current Account",,,14/10/2017,"Cafe","Everyday Expenses:Restaurants","Everyday Expenses","Restaurants",,£13.95,£0.00,C,£2330.79
"Current Account",,,18/10/2017,"zac","Monthly Bills:Internet","Monthly Bills","Internet",,£14.50,£0.00,C,£2316.29
"Current Account",,,18/10/2017,"Sky Restaurant","Everyday Expenses:Sky Restaurant","Everyday Expenses","Sky Restaurant",,£20.00,£0.00,C,£2296.29
"Current Account",,,20/10/2017,"zac","Rainy Day Funds:Emergency Fund","Rainy Day Funds","Emergency Fund",,£0.00,£63.99,C,£2360.28
"Current Account",,,20/10/2017,"Tfl","Everyday Expenses:Spending Money","Everyday Expenses","Spending Money",,£3.90,£0.00,C,£2356.38
"Current Account",,,20/10/2017,"pub","Everyday Expenses:Restaurants","Everyday Expenses","Restaurants",,£13.50,£0.00,C,£2342.88
"Current Account",,,20/10/2017,"SeeTickets","Rainy Day Funds:Emergency Fund","Rainy Day Funds","Emergency Fund",,£191.95,£0.00,C,£2150.93
"Current Account",,,21/10/2017,"Tfl","Everyday Expenses:Spending Money","Everyday Expenses","Spending Money",,£1.50,£0.00,C,£2149.43
"Current Account",,,21/10/2017,"Blizzard","Everyday Expenses:Spending Money","Everyday Expenses","Spending Money",,£16.99,£0.00,C,£2132.44
"Current Account",,,21/10/2017,"Blizzard","Everyday Expenses:Spending Money","Everyday Expenses","Spending Money",,£16.99,£0.00,C,£2115.45
"Current Account",,,24/10/2017,"EE","Monthly Bills:Phone","Monthly Bills","Phone",,£45.91,£0.00,C,£2069.54
"Current Account",,,26/10/2017,"ATM","Everyday Expenses:Spending Money","Everyday Expenses","Spending Money",,£10.00,£0.00,C,£2059.54
"Current Account",,,27/10/2017,"Sky","Income:Available next month","Income","Available next month",,£0.00,£2478.97,C,£4538.51
"Current Account",,,27/10/2017,"Tfl","Everyday Expenses:Spending Money","Everyday Expenses","Spending Money",,£1.50,£0.00,C,£4537.01
"Current Account",,,27/10/2017,"pub","Everyday Expenses:Restaurants","Everyday Expenses","Restaurants",,£10.70,£0.00,C,£4526.31
"Current Account",,,27/10/2017,"pub","Everyday Expenses:Restaurants","Everyday Expenses","Restaurants",,£13.50,£0.00,C,£4512.81
"Current Account",,,28/10/2017,"Game","Rainy Day Funds:Birthdays","Rainy Day Funds","Birthdays",,£15.00,£0.00,C,£4497.81
"Current Account",,,28/10/2017,"Just Eat","Everyday Expenses:Restaurants","Everyday Expenses","Restaurants",,£22.23,£0.00,C,£4475.58
"Current Account",,,29/10/2017,"Stacey","Rainy Day Funds:Birthdays","Rainy Day Funds","Birthdays",,£0.00,£15.00,C,£4490.58
"Current Account",,,29/10/2017,"Stacey","Everyday Expenses:Spending Money","Everyday Expenses","Spending Money",,£0.00,£9.00,C,£4499.58
"Current Account",,,29/10/2017,"zac","Rainy Day Funds:Birthdays","Rainy Day Funds","Birthdays",,£29.00,£0.00,C,£4470.58
"Current Account",,,30/10/2017,"zac","Monthly Bills:Rent/Mortgage","Monthly Bills","Rent/Mortgage",,£0.00,£716.50,C,£5187.08
"Current Account",,,30/10/2017,"Sky Restaurant","Everyday Expenses:Sky Restaurant","Everyday Expenses","Sky Restaurant",,£20.00,£0.00,C,£5167.08
"Current Account",,,30/10/2017,"zac","Monthly Bills:Water","Monthly Bills","Water",,£20.72,£0.00,C,£5146.36
"Current Account",,,30/10/2017,"Rent","Monthly Bills:Rent/Mortgage","Monthly Bills","Rent/Mortgage",,£1433.00,£0.00,C,£3713.36
"Current Account",,,01/11/2017,"zac","Monthly Bills:Electricity","Monthly Bills","Electricity",,£0.00,£18.50,C,£3731.86
"Current Account",,,01/11/2017,"Restaurant","Everyday Expenses:Restaurants","Everyday Expenses","Restaurants",,£15.00,£0.00,C,£3716.86
"Current Account",,,01/11/2017,"Road tax","Monthly Bills:Road Tax","Monthly Bills","Road Tax",,£23.62,£0.00,C,£3693.24
"Current Account",,,01/11/2017,"Southern Electric","Monthly Bills:Electricity","Monthly Bills","Electricity",,£37.00,£0.00,C,£3656.24
"Current Account",,,06/11/2017,"zac","Savings Goals:Vacation","Savings Goals","Vacation",,£0.00,£104.80,C,£3761.04
"Current Account",,,06/11/2017,"Tfl","Everyday Expenses:Spending Money","Everyday Expenses","Spending Money",,£1.50,£0.00,C,£3759.54
"Current Account",,,06/11/2017,"Chickzee","Everyday Expenses:Restaurants","Everyday Expenses","Restaurants",,£5.50,£0.00,C,£3754.04
"Current Account",,,06/11/2017,"Netflix","Monthly Bills:Netflix","Monthly Bills","Netflix",,£8.99,£0.00,C,£3745.05
"Current Account",,,06/11/2017,"pub","Everyday Expenses:Restaurants","Everyday Expenses","Restaurants",,£13.50,£0.00,C,£3731.55
"Current Account",,,06/11/2017,"Transfer : Barclays ISA",,,,,£161.22,£0.00,C,£3570.33
"Current Account",,,07/11/2017,"Transfer : Amex",,,,,£333.99,£0.00,C,£3236.34
"Current Account",,,10/11/2017,"pub","Everyday Expenses:Restaurants","Everyday Expenses","Restaurants",,£13.50,£0.00,C,£3222.84
"Current Account",,,10/11/2017,"zac","Monthly Bills:Council tax","Monthly Bills","Council tax",,£70.00,£0.00,C,£3152.84
"Current Account",,,14/11/2017,"Tfl","Everyday Expenses:Spending Money","Everyday Expenses","Spending Money",,£3.00,£0.00,C,£3149.84
"Current Account",,,14/11/2017,"Sky Restaurant","Everyday Expenses:Sky Restaurant","Everyday Expenses","Sky Restaurant",,£20.00,£0.00,C,£3129.84
"Current Account",,,15/11/2017,"Omer","Everyday Expenses:Restaurants","Everyday Expenses","Restaurants",,£5.50,£0.00,C,£3124.34
"Current Account",,,16/11/2017,"Dip & Flip","Everyday Expenses:Restaurants","Everyday Expenses","Restaurants",,£21.25,£0.00,C,£3103.09
"Current Account",,,17/11/2017,"Tfl","Everyday Expenses:Spending Money","Everyday Expenses","Spending Money",,£6.60,£0.00,C,£3096.49
"Current Account",,,17/11/2017,"zac","Monthly Bills:Internet","Monthly Bills","Internet",,£14.50,£0.00,C,£3081.99
"Current Account",,,18/11/2017,"Just Eat","Everyday Expenses:Restaurants","Everyday Expenses","Restaurants",,£23.99,£0.00,C,£3058.00
"Current Account",,,18/11/2017,"Electric Ballroom","Everyday Expenses:Spending Money","Everyday Expenses","Spending Money",,£60.80,£0.00,C,£2997.20
"Current Account",,,20/11/2017,"Tfl","Everyday Expenses:Spending Money","Everyday Expenses","Spending Money",,£3.10,£0.00,C,£2994.10
"Current Account",,,20/11/2017,"Tfl","Everyday Expenses:Spending Money","Everyday Expenses","Spending Money",,£3.10,£0.00,C,£2991.00
"Current Account",,,22/11/2017,"Parking","Everyday Expenses:Spending Money","Everyday Expenses","Spending Money",,£1.00,£0.00,C,£2990.00
"Current Account",,,22/11/2017,"Tfl","Everyday Expenses:Spending Money","Everyday Expenses","Spending Money",,£4.30,£0.00,C,£2985.70
"Current Account",,,24/11/2017,"ATM","Everyday Expenses:Spending Money","Everyday Expenses","Spending Money",,£10.00,£0.00,C,£2975.70
"Current Account",,,24/11/2017,"EE","Monthly Bills:Phone","Monthly Bills","Phone",,£45.91,£0.00,C,£2929.79
"Current Account",,,25/11/2017,"Iceland","Everyday Expenses:Groceries","Everyday Expenses","Groceries",,£7.13,£0.00,C,£2922.66
"Current Account",,,26/11/2017,"zac","Savings Goals:Vacation","Savings Goals","Vacation",,£0.00,£18.83,C,£2941.49
"Current Account",,,26/11/2017,"Iceland","Everyday Expenses:Groceries","Everyday Expenses","Groceries",,£10.00,£0.00,C,£2931.49
"Current Account",,,26/11/2017,"Travel Insurance","Savings Goals:Vacation","Savings Goals","Vacation",,£37.66,£0.00,C,£2893.83
"Current Account",,,27/11/2017,"Sky","Income:Available next month","Income","Available next month",,£0.00,£2478.96,C,£5372.79
"Current Account",,,28/11/2017,"Sky Hairdresser","Everyday Expenses:Spending Money","Everyday Expenses","Spending Money",,£15.00,£0.00,C,£5357.79
"Current Account",,,28/11/2017,"Sky Restaurant","Everyday Expenses:Sky Restaurant","Everyday Expenses","Sky Restaurant",,£20.00,£0.00,C,£5337.79
"Current Account",,,28/11/2017,"zac","Monthly Bills:Water","Monthly Bills","Water",,£20.72,£0.00,C,£5317.07
"Current Account",,,29/11/2017,"zac","Monthly Bills:Rent/Mortgage","Monthly Bills","Rent/Mortgage",,£0.00,£716.50,C,£6033.57
"Current Account",,,29/11/2017,"Rent","Monthly Bills:Rent/Mortgage","Monthly Bills","Rent/Mortgage",,£1433.00,£0.00,C,£4600.57
"Current Account",,,30/11/2017,"Dad","Rainy Day Funds:Christmas","Rainy Day Funds","Christmas",,£0.00,£45.00,C,£4645.57
"Current Account",,,30/11/2017,"Sky Restaurant","Rainy Day Funds:Birthdays","Rainy Day Funds","Birthdays",,£5.00,£0.00,C,£4640.57
"Current Account",,,30/11/2017,"Sky Restaurant","Rainy Day Funds:Birthdays","Rainy Day Funds","Birthdays",,£20.00,£0.00,C,£4620.57
"Current Account",,,01/12/2017,"Road tax","Monthly Bills:Road Tax","Monthly Bills","Road Tax",,£23.62,£0.00,C,£4596.95
"Current Account",,,01/12/2017,"Electricity","Monthly Bills:Electricity","Monthly Bills","Electricity",,£37.00,£0.00,C,£4559.95
"Current Account",,,04/12/2017,"Tfl","Everyday Expenses:Spending Money","Everyday Expenses","Spending Money",,£1.70,£0.00,C,£4558.25
"Current Account",,,05/12/2017,"Netflix","Monthly Bills:Netflix","Monthly Bills","Netflix",,£9.99,£0.00,C,£4548.26
"Current Account",,,06/12/2017,"Duty Free","Savings Goals:Vacation","Savings Goals","Vacation",,£8.99,£0.00,C,£4539.27
"Current Account",,,06/12/2017,"Transfer : Amex",,,,,£1586.91,£0.00,C,£2952.36
"Current Account",,,12/12/2017,"zac","Savings Goals:Vacation","Savings Goals","Vacation",,£0.00,£169.51,C,£3121.87
"Current Account",,,16/12/2017,"Tfl","Everyday Expenses:Spending Money","Everyday Expenses","Spending Money",,£1.50,£0.00,C,£3120.37
"Current Account",,,18/12/2017,"Tfl","Everyday Expenses:Spending Money","Everyday Expenses","Spending Money",,£6.90,£0.00,C,£3113.47
"Current Account",,,18/12/2017,"Transfer : Halifax Clarity Mastercard",,,,,£780.39,£0.00,C,£2333.08
"Current Account",,,19/12/2017,"zac","Monthly Bills:Electricity","Monthly Bills","Electricity",,£0.00,£18.50,C,£2351.58
"Current Account",,,19/12/2017,"Chickzee","Everyday Expenses:Restaurants","Everyday Expenses","Restaurants",,£5.50,£0.00,C,£2346.08
"Current Account",,,19/12/2017,"zac","Monthly Bills:Internet","Monthly Bills","Internet",,£14.50,£0.00,C,£2331.58
"Current Account",,,21/12/2017,"Sky","Income:Available next month","Income","Available next month",,£0.00,£2478.96,C,£4810.54
"Current Account",,,23/12/2017,"Stacey","Rainy Day Funds:Christmas","Rainy Day Funds","Christmas",,£50.00,£0.00,C,£4760.54
"Current Account",,,25/12/2017,"Transfer : Halifax Clarity Mastercard",,,,,£9.47,£0.00,C,£4751.07
"Current Account",,,27/12/2017,"EE","Monthly Bills:Phone","Monthly Bills","Phone",,£46.87,£0.00,C,£4704.20
"Current Account",,,28/12/2017,"Stacey","Rainy Day Funds:Christmas","Rainy Day Funds","Christmas",,£0.00,£15.00,C,£4719.20
"Current Account",,,28/12/2017,"Persian Palace","Everyday Expenses:Restaurants","Everyday Expenses","Restaurants",,£13.00,£0.00,C,£4706.20
"Current Account",,,28/12/2017,"zac","Monthly Bills:Water","Monthly Bills","Water",,£20.72,£0.00,C,£4685.48
"Current Account",,,29/12/2017,"zac","Monthly Bills:Rent/Mortgage","Monthly Bills","Rent/Mortgage",,£0.00,£716.50,C,£5401.98
"Current Account",,,29/12/2017,"Rent","Monthly Bills:Rent/Mortgage","Monthly Bills","Rent/Mortgage",,£1433.00,£0.00,C,£3968.98
"Current Account",,,31/12/2017,"Sainsbury's","Everyday Expenses:Groceries","Everyday Expenses","Groceries",,£5.80,£0.00,C,£3963.18
"Current Account",,,01/01/2018,"tesco","Everyday Expenses:Groceries","Everyday Expenses","Groceries",,£15.54,£0.00,C,£3947.64
"Current Account",,,01/01/2018,"Road tax","Monthly Bills:Road Tax","Monthly Bills","Road Tax",,£23.62,£0.00,C,£3924.02
"Current Account",,,02/01/2018,"Tfl","Everyday Expenses:Spending Money","Everyday Expenses","Spending Money",,£6.20,£0.00,C,£3917.82
"Current Account",,,02/01/2018,"Southern Electric","Monthly Bills:Electricity","Monthly Bills","Electricity",,£37.00,£0.00,C,£3880.82
"Current Account",,,03/01/2018,"zac","Monthly Bills:Electricity","Monthly Bills","Electricity",,£0.00,£18.50,C,£3899.32
"Current Account",,,03/01/2018,"coinbase","Rainy Day Funds:crypto","Rainy Day Funds","crypto",,£100.00,£0.00,C,£3799.32
"Current Account",,,04/01/2018,"Sky Restaurant","Everyday Expenses:Sky Restaurant","Everyday Expenses","Sky Restaurant",,£20.00,£0.00,C,£3779.32
"Current Account",,,04/01/2018,"Transfer : revolut",,,,,£100.00,£0.00,C,£3679.32
"Current Account",,,05/01/2018,"Netflix","Monthly Bills:Netflix","Monthly Bills","Netflix",,£9.99,£0.00,C,£3669.33
"Current Account",,,05/01/2018,"Transfer : Amex",,,,,£978.23,£0.00,C,£2691.10
"Current Account",,,07/01/2018,"Dominos","Everyday Expenses:Restaurants","Everyday Expenses","Restaurants",,£20.00,£0.00,C,£2671.10
"Current Account",,,08/01/2018,"Sainsbury's","Everyday Expenses:Groceries","Everyday Expenses","Groceries",,£2.70,£0.00,C,£2668.40
"Current Account",,,08/01/2018,"Sainsbury's","Everyday Expenses:Groceries","Everyday Expenses","Groceries",,£4.70,£0.00,C,£2663.70
"Current Account",,,10/01/2018,"zac","Monthly Bills:Council tax","Monthly Bills","Council tax",,£70.00,£0.00,C,£2593.70
"Current Account",,,15/01/2018,"amazon","Everyday Expenses:Spending Money","Everyday Expenses","Spending Money",,£25.66,£0.00,C,£2568.04
"Current Account",,,16/01/2018,"Uber","Everyday Expenses:Spending Money","Everyday Expenses","Spending Money",,£16.84,£0.00,C,£2551.20
"Current Account",,,16/01/2018,"Uber","Everyday Expenses:Spending Money","Everyday Expenses","Spending Money",,£22.19,£0.00,C,£2529.01
"Current Account",,,17/01/2018,"zac","Monthly Bills:Internet","Monthly Bills","Internet",,£14.50,£0.00,C,£2514.51
"Current Account",,,17/01/2018,"Dominos","Everyday Expenses:Restaurants","Everyday Expenses","Restaurants",,£15.99,£0.00,C,£2498.52
"Current Account",,,17/01/2018,"Transfer : Halifax Clarity Mastercard",,,,,£100.00,£0.00,C,£2398.52
"Current Account",,,18/01/2018,"Sky","Monthly Bills:Sky TV","Monthly Bills","Sky TV",,£3.95,£0.00,C,£2394.57
"Current Account",,,19/01/2018,"UberEATS","Everyday Expenses:Restaurants","Everyday Expenses","Restaurants",,£17.08,£0.00,C,£2377.49
"Current Account",,,20/01/2018,"Playstation Store","Everyday Expenses:Spending Money","Everyday Expenses","Spending Money",,£11.99,£0.00,C,£2365.50
"Current Account",,,21/01/2018,"amazon","Everyday Expenses:Spending Money","Everyday Expenses","Spending Money",,£5.00,£0.00,C,£2360.50
"Current Account",,,21/01/2018,"Playstation Store","Everyday Expenses:Spending Money","Everyday Expenses","Spending Money",,£15.99,£0.00,C,£2344.51
"Current Account",,,21/01/2018,"Dominos","Everyday Expenses:Restaurants","Everyday Expenses","Restaurants",,£20.00,£0.00,C,£2324.51
"Current Account",,,22/01/2018,"Sainsbury's","Everyday Expenses:Groceries","Everyday Expenses","Groceries",,£6.55,£0.00,C,£2317.96
"Current Account",,,23/01/2018,"Sainsbury's","Everyday Expenses:Groceries","Everyday Expenses","Groceries",,£7.15,£0.00,C,£2310.81
"Current Account",,,24/01/2018,"Parking","Everyday Expenses:Spending Money","Everyday Expenses","Spending Money",,£3.50,£0.00,C,£2307.31
"Current Account",,,24/01/2018,"UberEATS","Everyday Expenses:Restaurants","Everyday Expenses","Restaurants",,£9.49,£0.00,C,£2297.82
"Current Account",,,24/01/2018,"EE","Monthly Bills:Phone","Monthly Bills","Phone",,£46.87,£0.00,C,£2250.95
"Current Account",,,26/01/2018,"Sky","Income:Available next month","Income","Available next month",,£0.00,£2648.19,C,£4899.14
"Current Account",,,26/01/2018,"Parking","Everyday Expenses:Spending Money","Everyday Expenses","Spending Money",,£3.50,£0.00,C,£4895.64
"Current Account",,,26/01/2018,"tesco","Everyday Expenses:Groceries","Everyday Expenses","Groceries",,£11.55,£0.00,C,£4884.09
"Current Account",,,28/01/2018,"Spotify","Monthly Bills:Spotify","Monthly Bills","Spotify",,£9.99,£0.00,C,£4874.10
"Current Account",,,29/01/2018,"zac","Monthly Bills:Rent/Mortgage","Monthly Bills","Rent/Mortgage",,£0.00,£716.50,C,£5590.60
"Current Account",,,29/01/2018,"Just Eat","Everyday Expenses:Restaurants","Everyday Expenses","Restaurants",,£16.61,£0.00,C,£5573.99
"Current Account",,,29/01/2018,"zac","Monthly Bills:Water","Monthly Bills","Water",,£20.72,£0.00,C,£5553.27
"Current Account",,,29/01/2018,"Rent","Monthly Bills:Rent/Mortgage","Monthly Bills","Rent/Mortgage",,£1433.00,£0.00,C,£4120.27
"Current Account",,,01/02/2018,"zac","Monthly Bills:Electricity","Monthly Bills","Electricity",,£0.00,£18.50,C,£4138.77
"Current Account",,,01/02/2018,"Road tax","Monthly Bills:Road Tax","Monthly Bills","Road Tax",,£23.62,£0.00,C,£4115.15
"Current Account",,,01/02/2018,"Electricity","Monthly Bills:Electricity","Monthly Bills","Electricity",,£37.00,£0.00,C,£4078.15
"Current Account",,,04/02/2018,"Tfl","Everyday Expenses:Spending Money","Everyday Expenses","Spending Money",,£1.50,£0.00,C,£4076.65
"Current Account",,,04/02/2018,"Netflix","Monthly Bills:Netflix","Monthly Bills","Netflix",,£9.99,£0.00,C,£4066.66
"Current Account",,,04/02/2018,"Sky Restaurant","Everyday Expenses:Sky Restaurant","Everyday Expenses","Sky Restaurant",,£20.00,£0.00,C,£4046.66
"Current Account",,,04/02/2018,"tesco","Everyday Expenses:Groceries","Everyday Expenses","Groceries",,£22.00,£0.00,C,£4024.66
"Current Account",,,04/02/2018,"Transfer : Barclays ISA",,,,,£600.00,£0.00,C,£3424.66
"Current Account",,,05/02/2018,"Uber","Everyday Expenses:Spending Money","Everyday Expenses","Spending Money",,£9.86,£0.00,C,£3414.80
"Current Account",,,06/02/2018,"Tfl","Everyday Expenses:Spending Money","Everyday Expenses","Spending Money",,£1.50,£0.00,C,£3413.30
"Current Account",,,06/02/2018,"Dentist","Everyday Expenses:Spending Money","Everyday Expenses","Spending Money",,£20.60,£0.00,C,£3392.70
"Current Account",,,06/02/2018,"coinbase","Rainy Day Funds:crypto","Rainy Day Funds","crypto",,£300.00,£0.00,C,£3092.70
"Current Account",,,07/02/2018,"Sky Hairdresser","Everyday Expenses:Spending Money","Everyday Expenses","Spending Money",,£15.00,£0.00,C,£3077.70
"Current Account",,,07/02/2018,"Transfer : Amex",,,,,£44.22,£0.00,C,£3033.48
"Current Account",,,12/02/2018,"Parking","Everyday Expenses:Spending Money","Everyday Expenses","Spending Money",,£5.00,£0.00,C,£3028.48
"Current Account",,,12/02/2018,"pub","Everyday Expenses:Restaurants","Everyday Expenses","Restaurants",,£15.50,£0.00,C,£3012.98
"Current Account",,,14/02/2018,"SkyRewards","Everyday Expenses:Restaurants","Everyday Expenses","Restaurants",,£16.00,£0.00,C,£2996.98
"Current Account",,,17/02/2018,"Gsf Car Parts","Everyday Expenses:Spending Money","Everyday Expenses","Spending Money",,£7.46,£0.00,C,£2989.52
"Current Account",,,17/02/2018,"Red Iron Burger","Everyday Expenses:Restaurants","Everyday Expenses","Restaurants",,£27.55,£0.00,C,£2961.97
"Current Account",,,19/02/2018,"zac","Monthly Bills:Internet","Monthly Bills","Internet",,£14.50,£0.00,C,£2947.47
"Current Account",,,19/02/2018,"Admiral","Rainy Day Funds:Car Insurance","Rainy Day Funds","Car Insurance",,£883.39,£0.00,C,£2064.08
"Current Account",,,26/02/2018,"Sky Restaurant","Everyday Expenses:Sky Restaurant","Everyday Expenses","Sky Restaurant",,£20.00,£0.00,C,£2044.08
"Current Account",,,26/02/2018,"EE","Monthly Bills:Phone","Monthly Bills","Phone",,£45.91,£0.00,C,£1998.17
"Current Account",,,27/02/2018,"Sky","Income:Available next month","Income","Available next month",,£0.00,£2648.18,C,£4646.35
"Current Account",,,27/02/2018,"zac","Everyday Expenses:Spending Money","Everyday Expenses","Spending Money",,£0.00,£6.50,C,£4652.85
"Current Account",,,27/02/2018,"SkyRewards","Everyday Expenses:Spending Money","Everyday Expenses","Spending Money",,£6.50,£0.00,C,£4646.35
"Current Account",,,27/02/2018,"voidu","Everyday Expenses:Spending Money","Everyday Expenses","Spending Money",,£13.38,£0.00,C,£4632.97
"Current Account",,,28/02/2018,"zac","Monthly Bills:Rent/Mortgage","Monthly Bills","Rent/Mortgage",,£0.00,£716.50,C,£5349.47
"Current Account",,,28/02/2018,"zac","Monthly Bills:Water","Monthly Bills","Water",,£20.72,£0.00,C,£5328.75
"Current Account",,,01/03/2018,"zac","Monthly Bills:Electricity","Monthly Bills","Electricity",,£0.00,£18.50,C,£5347.25
"Current Account",,,01/03/2018,"Road tax","Monthly Bills:Road Tax","Monthly Bills","Road Tax",,£24.50,£0.00,C,£5322.75
"Current Account",,,01/03/2018,"Southern Electric","Monthly Bills:Electricity","Monthly Bills","Electricity",,£37.00,£0.00,C,£5285.75
"Current Account",,,01/03/2018,"Rent","Monthly Bills:Rent/Mortgage","Monthly Bills","Rent/Mortgage",,£1433.00,£0.00,C,£3852.75
"Current Account",,,02/03/2018,"Costa","Everyday Expenses:Restaurants","Everyday Expenses","Restaurants",,£2.35,£0.00,C,£3850.40
"Current Account",,,02/03/2018,"Car Park","Everyday Expenses:Spending Money","Everyday Expenses","Spending Money",,£3.50,£0.00,C,£3846.90
"Current Account",,,02/03/2018,"Cex","Everyday Expenses:Spending Money","Everyday Expenses","Spending Money",,£10.00,£0.00,C,£3836.90
"Current Account",,,02/03/2018,"Just Eat","Everyday Expenses:Restaurants","Everyday Expenses","Restaurants",,£14.74,£0.00,C,£3822.16
"Current Account",,,04/03/2018,"Netflix","Monthly Bills:Netflix","Monthly Bills","Netflix",,£9.99,£0.00,C,£3812.17
"Current Account",,,04/03/2018,"tesco","Everyday Expenses:Fuel","Everyday Expenses","Fuel",,£50.00,£0.00,C,£3762.17
"Current Account",,,06/03/2018,"Sky Restaurant","Everyday Expenses:Sky Restaurant","Everyday Expenses","Sky Restaurant",,£20.00,£0.00,C,£3742.17
"Current Account",,,06/03/2018,"Transfer : Amex",,,,,£1699.56,£0.00,C,£2042.61
"Barclays ISA",,,14/07/2015,"Starting Balance","Income:Available this month","Income","Available this month",,£0.00,£2223.71,C,£2223.71
"Barclays ISA",,,18/08/2015,"Transfer : Current Account",,,,,£200.00,£0.00,C,£2023.71
"Barclays ISA",,,26/11/2015,"interest","Income:Available this month","Income","Available this month",,£0.00,£8.08,C,£2031.79
"Barclays ISA",,,30/11/2015,"Transfer : Current Account",,,,,£0.00,£390.53,C,£2422.32
"Barclays ISA",,,01/12/2015,"interest","Rainy Day Funds:Emergency Fund","Rainy Day Funds","Emergency Fund",,£0.00,£1.30,C,£2423.62
"Barclays ISA",,,23/12/2015,"Transfer : Current Account",,,,,£0.00,£169.79,C,£2593.41
"Barclays ISA",,,04/01/2016,"interest","Rainy Day Funds:Emergency Fund","Rainy Day Funds","Emergency Fund",,£0.00,£1.85,C,£2595.26
"Barclays ISA",,,27/01/2016,"Transfer : Current Account",,,,,£0.00,£80.00,C,£2675.26
"Barclays ISA",,,29/01/2016,"Transfer : Current Account",,,,,£0.00,£72.60,C,£2747.86
"Barclays ISA",,,01/02/2016,"interest","Rainy Day Funds:Emergency Fund","Rainy Day Funds","Emergency Fund",,£0.00,£1.60,C,£2749.46
"Barclays ISA",,,28/02/2016,"Transfer : Current Account",,,,,£0.00,£200.00,C,£2949.46
"Barclays ISA",,,01/03/2016,"interest","Rainy Day Funds:Emergency Fund","Rainy Day Funds","Emergency Fund",,£0.00,£1.75,C,£2951.21
"Barclays ISA",,,26/03/2016,"Transfer : Current Account",,,,,£820.00,£0.00,C,£2131.21
"Barclays ISA",,,30/03/2016,"Transfer : Current Account",,,,,£395.88,£0.00,C,£1735.33
"Barclays ISA",,,01/04/2016,"interest","Rainy Day Funds:Emergency Fund","Rainy Day Funds","Emergency Fund",,£0.00,£1.93,C,£1737.26
"Barclays ISA",,,03/05/2016,"interest","Rainy Day Funds:Emergency Fund","Rainy Day Funds","Emergency Fund",,£0.00,£1.22,C,£1738.48
"Barclays ISA",,,01/06/2016,"interest","Rainy Day Funds:Emergency Fund","Rainy Day Funds","Emergency Fund",,£0.00,£1.10,C,£1739.58
"Barclays ISA",,,03/06/2016,"Transfer : Current Account",,,,,£0.00,£274.37,C,£2013.95
"Barclays ISA",,,01/07/2016,"Transfer : Current Account",,,,,£0.00,£155.19,C,£2169.14
"Barclays ISA",,,01/07/2016,"interest","Rainy Day Funds:Emergency Fund","Rainy Day Funds","Emergency Fund",,£0.00,£1.31,C,£2170.45
"Barclays ISA",,,27/07/2016,"Transfer : Current Account",,,,,£0.00,£536.45,C,£2706.90
"Barclays ISA",,,01/08/2016,"interest","Rainy Day Funds:Emergency Fund","Rainy Day Funds","Emergency Fund",,£0.00,£1.52,C,£2708.42
"Barclays ISA",,,26/08/2016,"Transfer : Current Account",,,,,£0.00,£652.11,C,£3360.53
"Barclays ISA",,,01/09/2016,"interest","Rainy Day Funds:Emergency Fund","Rainy Day Funds","Emergency Fund",,£0.00,£1.93,C,£3362.46
"Barclays ISA",,,03/10/2016,"Transfer : Current Account",,,,,£0.00,£1286.20,C,£4648.66
"Barclays ISA",,,03/10/2016,"interest","Rainy Day Funds:Emergency Fund","Rainy Day Funds","Emergency Fund",,£0.00,£2.36,C,£4651.02
"Barclays ISA",,,30/10/2016,"interest","Rainy Day Funds:Emergency Fund","Rainy Day Funds","Emergency Fund",,£0.00,£2.96,C,£4653.98
"Barclays ISA",,,03/11/2016,"Transfer : Current Account",,,,,£0.00,£1173.92,C,£5827.90
"Barclays ISA",,,28/11/2016,"Transfer : Current Account",,,,,£0.00,£600.00,C,£6427.90
"Barclays ISA",,,01/12/2016,"Transfer : Current Account",,,,,£0.00,£1042.68,C,£7470.58
"Barclays ISA",,,01/12/2016,"interest","Rainy Day Funds:Emergency Fund","Rainy Day Funds","Emergency Fund",,£0.00,£3.79,C,£7474.37
"Barclays ISA",,,01/01/2017,"interest","Rainy Day Funds:Emergency Fund","Rainy Day Funds","Emergency Fund",,£0.00,£2.70,C,£7477.07
"Barclays ISA",,,27/01/2017,"Transfer : Current Account",,,,,£0.00,£329.20,C,£7806.27
"Barclays ISA",,,01/02/2017,"interest","Rainy Day Funds:Emergency Fund","Rainy Day Funds","Emergency Fund",,£0.00,£2.38,C,£7808.65
"Barclays ISA",,,27/02/2017,"Transfer : Current Account",,,,,£0.00,£570.06,C,£8378.71
"Barclays ISA",,,01/03/2017,"interest","Rainy Day Funds:Emergency Fund","Rainy Day Funds","Emergency Fund",,£0.00,£2.41,C,£8381.12
"Barclays ISA",,,25/03/2017,"Transfer : Current Account",,,,,£0.00,£600.00,C,£8981.12
"Barclays ISA",,,01/04/2017,"interest","Rainy Day Funds:Emergency Fund","Rainy Day Funds","Emergency Fund",,£0.00,£3.08,C,£8984.20
"Barclays ISA",,,27/04/2017,"Transfer : Current Account",,,,,£0.00,£600.00,C,£9584.20
"Barclays ISA",,,02/05/2017,"interest","Rainy Day Funds:Emergency Fund","Rainy Day Funds","Emergency Fund",,£0.00,£2.89,C,£9587.09
"Barclays ISA",,,26/05/2017,"Transfer : Current Account",,,,,£0.00,£600.00,C,£10187.09
"Barclays ISA",,,01/06/2017,"interest","Rainy Day Funds:Emergency Fund","Rainy Day Funds","Emergency Fund",,£0.00,£3.19,C,£10190.28
"Barclays ISA",,,27/06/2017,"Transfer : Current Account",,,,,£0.00,£500.00,C,£10690.28
"Barclays ISA",,,03/07/2017,"interest","Rainy Day Funds:Emergency Fund","Rainy Day Funds","Emergency Fund",,£0.00,£3.61,C,£10693.89
"Barclays ISA",,,01/08/2017,"interest","Rainy Day Funds:Emergency Fund","Rainy Day Funds","Emergency Fund",,£0.00,£3.40,C,£10697.29
"Barclays ISA",,,01/09/2017,"interest","Rainy Day Funds:Emergency Fund","Rainy Day Funds","Emergency Fund",,£0.00,£3.63,C,£10700.92
"Barclays ISA",,,27/09/2017,"Transfer : Current Account",,,,,£0.00,£2110.43,C,£12811.35
"Barclays ISA",,,02/10/2017,"interest","Rainy Day Funds:Emergency Fund","Rainy Day Funds","Emergency Fund",,£0.00,£3.73,C,£12815.08
"Barclays ISA",,,01/11/2017,"interest","Rainy Day Funds:Emergency Fund","Rainy Day Funds","Emergency Fund",,£0.00,£4.21,C,£12819.29
"Barclays ISA",,,06/11/2017,"Transfer : Current Account",,,,,£0.00,£161.22,C,£12980.51
"Barclays ISA",,,01/12/2017,"interest","Rainy Day Funds:Emergency Fund","Rainy Day Funds","Emergency Fund",,£0.00,£4.27,C,£12984.78
"Barclays ISA",,,01/01/2018,"interest","Rainy Day Funds:Emergency Fund","Rainy Day Funds","Emergency Fund",,£0.00,£6.26,C,£12991.04
"Barclays ISA",,,01/02/2018,"interest","Rainy Day Funds:Emergency Fund","Rainy Day Funds","Emergency Fund",,£0.00,£5.87,C,£12996.91
"Barclays ISA",,,04/02/2018,"Transfer : Current Account",,,,,£0.00,£600.00,C,£13596.91
"Barclays ISA",,,05/03/2018,"interest","Rainy Day Funds:Emergency Fund","Rainy Day Funds","Emergency Fund",,£0.00,£5.70,C,£13602.61
"Barclays Savings",,,03/05/2016,"Transfer : Current Account",,,,,£0.00,£100.00,C,£100.00
"Barclays Savings",,,03/05/2016,"Starting Balance","Income:Available this month","Income","Available this month",,£0.00,£0.00,C,£100.00
"Barclays Savings",,,01/06/2016,"interest","Rainy Day Funds:Emergency Fund","Rainy Day Funds","Emergency Fund",,£0.00,£0.02,C,£100.02
"Barclays Savings",,,01/07/2016,"interest","Rainy Day Funds:Emergency Fund","Rainy Day Funds","Emergency Fund",,£0.00,£0.02,C,£100.04
"Barclays Savings",,,01/08/2016,"interest","Rainy Day Funds:Emergency Fund","Rainy Day Funds","Emergency Fund",,£0.00,£0.02,C,£100.06
"Barclays Savings",,,24/08/2016,"Transfer : Current Account",,,,,£0.00,£1513.12,C,£1613.18
"Barclays Savings",,,01/09/2016,"interest","Rainy Day Funds:Emergency Fund","Rainy Day Funds","Emergency Fund",,£0.00,£0.10,C,£1613.28
"Barclays Savings",,,03/10/2016,"interest","Rainy Day Funds:Emergency Fund","Rainy Day Funds","Emergency Fund",,£0.00,£0.35,C,£1613.63
"Barclays Savings",,,30/10/2016,"interest","Rainy Day Funds:Emergency Fund","Rainy Day Funds","Emergency Fund",,£0.00,£0.32,C,£1613.95
"Barclays Savings",,,01/12/2016,"interest","Rainy Day Funds:Emergency Fund","Rainy Day Funds","Emergency Fund",,£0.00,£0.33,C,£1614.28
"Barclays Savings",,,01/01/2017,"interest","Rainy Day Funds:Emergency Fund","Rainy Day Funds","Emergency Fund",,£0.00,£0.07,C,£1614.35
"Barclays Savings",,,01/02/2017,"interest","Rainy Day Funds:Emergency Fund","Rainy Day Funds","Emergency Fund",,£0.00,£0.06,C,£1614.41
"Barclays Savings",,,01/03/2017,"interest","Rainy Day Funds:Emergency Fund","Rainy Day Funds","Emergency Fund",,£0.00,£0.06,C,£1614.47
"Barclays Savings",,,03/04/2017,"interest","Rainy Day Funds:Emergency Fund","Rainy Day Funds","Emergency Fund",,£0.00,£0.07,C,£1614.54
"Barclays Savings",,,02/05/2017,"interest","Rainy Day Funds:Emergency Fund","Rainy Day Funds","Emergency Fund",,£0.00,£0.06,C,£1614.60
"Barclays Savings",,,01/06/2017,"interest","Rainy Day Funds:Emergency Fund","Rainy Day Funds","Emergency Fund",,£0.00,£0.07,C,£1614.67
"Barclays Savings",,,03/07/2017,"interest","Rainy Day Funds:Emergency Fund","Rainy Day Funds","Emergency Fund",,£0.00,£0.07,C,£1614.74
"Barclays Savings",,,01/08/2017,"interest","Rainy Day Funds:Emergency Fund","Rainy Day Funds","Emergency Fund",,£0.00,£0.06,C,£1614.80
"Barclays Savings",,,01/09/2017,"interest","Rainy Day Funds:Emergency Fund","Rainy Day Funds","Emergency Fund",,£0.00,£0.07,C,£1614.87
"Barclays Savings",,,02/10/2017,"interest","Rainy Day Funds:Emergency Fund","Rainy Day Funds","Emergency Fund",,£0.00,£0.07,C,£1614.94
"Barclays Savings",,,01/11/2017,"interest","Rainy Day Funds:Emergency Fund","Rainy Day Funds","Emergency Fund",,£0.00,£0.07,C,£1615.01
"Barclays Savings",,,01/12/2017,"interest","Rainy Day Funds:Emergency Fund","Rainy Day Funds","Emergency Fund",,£0.00,£0.07,C,£1615.08
"Barclays Savings",,,01/01/2018,"interest","Rainy Day Funds:Emergency Fund","Rainy Day Funds","Emergency Fund",,£0.00,£0.28,C,£1615.36
"Barclays Savings",,,01/02/2018,"interest","Rainy Day Funds:Emergency Fund","Rainy Day Funds","Emergency Fund",,£0.00,£0.27,C,£1615.63
"Barclays Savings",,,05/03/2018,"interest","Rainy Day Funds:Emergency Fund","Rainy Day Funds","Emergency Fund",,£0.00,£0.25,C,£1615.88
"Amex",,,17/07/2015,"Starting Balance","Pre-YNAB Debt:Amex","Hidden Categories","Pre-YNAB Debt ` Amex ` MasterCategory/__PreYNABDebtMaster__",,£524.70,£0.00,C,-£524.70
"Amex",,,19/07/2015,"Tfl","Pre-YNAB Debt:Amex","Hidden Categories","Pre-YNAB Debt ` Amex ` MasterCategory/__PreYNABDebtMaster__",,£0.00,£31.80,C,-£492.90
"Amex",,,19/07/2015,"Cineworld","Pre-YNAB Debt:Amex","Hidden Categories","Pre-YNAB Debt ` Amex ` MasterCategory/__PreYNABDebtMaster__",,£1.00,£0.00,C,-£493.90
"Amex",,,19/07/2015,"tesco","Pre-YNAB Debt:Amex","Hidden Categories","Pre-YNAB Debt ` Amex ` MasterCategory/__PreYNABDebtMaster__",,£5.30,£0.00,C,-£499.20
"Amex",,,19/07/2015,"tesco","Pre-YNAB Debt:Amex","Hidden Categories","Pre-YNAB Debt ` Amex ` MasterCategory/__PreYNABDebtMaster__",,£16.10,£0.00,C,-£515.30
"Amex",,,20/07/2015,"tesco","Pre-YNAB Debt:Amex","Hidden Categories","Pre-YNAB Debt ` Amex ` MasterCategory/__PreYNABDebtMaster__",,£2.35,£0.00,C,-£517.65
"Amex",,,21/07/2015,"Food","Pre-YNAB Debt:Amex","Hidden Categories","Pre-YNAB Debt ` Amex ` MasterCategory/__PreYNABDebtMaster__",,£7.75,£0.00,C,-£525.40
"Amex",,,22/07/2015,"McDonald's","Pre-YNAB Debt:Amex","Hidden Categories","Pre-YNAB Debt ` Amex ` MasterCategory/__PreYNABDebtMaster__",,£5.59,£0.00,C,-£530.99
"Amex",,,22/07/2015,"pub","Pre-YNAB Debt:Amex","Hidden Categories","Pre-YNAB Debt ` Amex ` MasterCategory/__PreYNABDebtMaster__",,£9.40,£0.00,C,-£540.39
"Amex",,,22/07/2015,"Tfl","Pre-YNAB Debt:Amex","Hidden Categories","Pre-YNAB Debt ` Amex ` MasterCategory/__PreYNABDebtMaster__",,£20.00,£0.00,C,-£560.39
"Amex",,,26/07/2015,,"Pre-YNAB Debt:Amex","Hidden Categories","Pre-YNAB Debt ` Amex ` MasterCategory/__PreYNABDebtMaster__",,£25.81,£0.00,C,-£586.20
"Amex",,,26/07/2015,,"Pre-YNAB Debt:Amex","Hidden Categories","Pre-YNAB Debt ` Amex ` MasterCategory/__PreYNABDebtMaster__",,£44.56,£0.00,C,-£630.76
"Amex",,,28/07/2015,"Uber","Everyday Expenses:Groceries","Everyday Expenses","Groceries",,£4.93,£0.00,C,-£635.69
"Amex",,,28/07/2015,"Crabtree London","Everyday Expenses:Groceries","Everyday Expenses","Groceries",,£5.05,£0.00,C,-£640.74
"Amex",,,28/07/2015,"Tfl","Everyday Expenses:Oyster Card","Everyday Expenses","Oyster Card",,£20.00,£0.00,C,-£660.74
"Amex",,,29/07/2015,"tesco","Everyday Expenses:Groceries","Everyday Expenses","Groceries",,£11.46,£0.00,C,-£672.20
"Amex",,,31/07/2015,"McDonald's","Everyday Expenses:Spending Money","Everyday Expenses","Spending Money",,£4.79,£0.00,C,-£676.99
"Amex",,,31/07/2015,"Coach And Horses","Everyday Expenses:Spending Money","Everyday Expenses","Spending Money",,£14.20,£0.00,C,-£691.19
"Amex",,,01/08/2015,"McDonald's","Everyday Expenses:Spending Money","Everyday Expenses","Spending Money",,£12.08,£0.00,C,-£703.27
"Amex",,,02/08/2015,"Tfl","Everyday Expenses:Oyster Card","Everyday Expenses","Oyster Card",,£20.00,£0.00,C,-£723.27
"Amex",,,03/08/2015,"tesco","Everyday Expenses:Groceries","Everyday Expenses","Groceries",,£16.05,£0.00,C,-£739.32
"Amex",,,05/08/2015,"Transfer : Current Account",,,,,£0.00,£630.76,C,-£108.56
"Amex",,,06/08/2015,"Tfl","Everyday Expenses:Oyster Card","Everyday Expenses","Oyster Card",,£20.00,£0.00,C,-£128.56
"Amex",,,07/08/2015,"pub","Everyday Expenses:Spending Money","Everyday Expenses","Spending Money",,£4.10,£0.00,C,-£132.66
"Amex",,,07/08/2015,"Uber","Everyday Expenses:Spending Money","Everyday Expenses","Spending Money",,£15.78,£0.00,C,-£148.44
"Amex",,,08/08/2015,"Franco Manca","Everyday Expenses:Spending Money","Everyday Expenses","Spending Money",,£10.00,£0.00,C,-£158.44
"Amex",,,08/08/2015,"Sainsbury's","Everyday Expenses:Groceries","Everyday Expenses","Groceries",,£10.49,£0.00,C,-£168.93
"Amex",,,11/08/2015,"pub","Everyday Expenses:Spending Money","Everyday Expenses","Spending Money",,£9.95,£0.00,C,-£178.88
"Amex",,,14/08/2015,"Tfl","Everyday Expenses:Oyster Card","Everyday Expenses","Oyster Card",,£20.00,£0.00,C,-£198.88
"Amex",,,20/08/2015,"Uber","Everyday Expenses:Spending Money","Everyday Expenses","Spending Money",,£0.20,£0.00,C,-£199.08
"Amex",,,21/08/2015,"Tfl","Everyday Expenses:Oyster Card","Everyday Expenses","Oyster Card",,£20.00,£0.00,C,-£219.08
"Amex",,,23/08/2015,"tesco","Everyday Expenses:Groceries","Everyday Expenses","Groceries",,£23.97,£0.00,C,-£243.05
"Amex",,,24/08/2015,"tesco","Everyday Expenses:Groceries","Everyday Expenses","Groceries",,£15.00,£0.00,C,-£258.05
"Amex",,,25/08/2015,"tesco","Everyday Expenses:Groceries","Everyday Expenses","Groceries",,£4.75,£0.00,C,-£262.80
"Amex",,,27/08/2015,"pub","Everyday Expenses:Spending Money","Everyday Expenses","Spending Money",,£14.40,£0.00,C,-£277.20
"Amex",,,28/08/2015,"tesco","Everyday Expenses:Spending Money","Everyday Expenses","Spending Money",,£3.00,£0.00,C,-£280.20
"Amex",,,28/08/2015,"tesco","Everyday Expenses:Spending Money","Everyday Expenses","Spending Money",,£26.59,£0.00,C,-£306.79
"Amex",,,29/08/2015,"Sainsbury's","Everyday Expenses:Spending Money","Everyday Expenses","Spending Money",,£1.65,£0.00,C,-£308.44
"Amex",,,01/09/2015,"McDonald's","Everyday Expenses:Spending Money","Everyday Expenses","Spending Money",,£3.49,£0.00,C,-£311.93
"Amex",,,01/09/2015,"Sainsbury's","Everyday Expenses:Groceries","Everyday Expenses","Groceries",,£3.50,£0.00,C,-£315.43
"Amex",,,01/09/2015,"YNAB","Everyday Expenses:Spending Money","Everyday Expenses","Spending Money",,£29.54,£0.00,C,-£344.97
"Amex",,,01/09/2015,"Tfl","Everyday Expenses:Oyster Card","Everyday Expenses","Oyster Card",,£92.60,£0.00,C,-£437.57
"Amex",,,03/09/2015,"tesco","Everyday Expenses:Groceries","Everyday Expenses","Groceries",,£3.89,£0.00,C,-£441.46
"Amex",,,04/09/2015,"Zizzis","Everyday Expenses:Spending Money","Everyday Expenses","Spending Money",,£16.00,£0.00,C,-£457.46
"Amex",,,06/09/2015,"Ebay","Everyday Expenses:Spending Money","Everyday Expenses","Spending Money",,£3.80,£0.00,C,-£461.26
"Amex",,,06/09/2015,"tesco","Everyday Expenses:Groceries","Everyday Expenses","Groceries",,£16.85,£0.00,C,-£478.11
"Amex",,,07/09/2015,"Transfer : Current Account",,,,,£0.00,£277.20,C,-£200.91
"Amex",,,08/09/2015,"Cineworld","Everyday Expenses:Spending Money","Everyday Expenses","Spending Money",,£1.00,£0.00,C,-£201.91
"Amex",,,09/09/2015,"Tfl","Everyday Expenses:Oyster Card","Everyday Expenses","Oyster Card",,£20.00,£0.00,C,-£221.91
"Amex",,,12/09/2015,"Harvester","Everyday Expenses:Spending Money","Everyday Expenses","Spending Money",,£15.00,£0.00,C,-£236.91
"Amex",,,12/09/2015,"Next","Everyday Expenses:Clothing","Everyday Expenses","Clothing",,£44.00,£0.00,C,-£280.91
"Amex",,,12/09/2015,"River Island","Everyday Expenses:Clothing","Everyday Expenses","Clothing",,£45.00,£0.00,C,-£325.91
"Amex",,,13/09/2015,"Uber","Everyday Expenses:Spending Money","Everyday Expenses","Spending Money",,£1.27,£0.00,C,-£327.18
"Amex",,,13/09/2015,"McDonald's","Everyday Expenses:Spending Money","Everyday Expenses","Spending Money",,£2.48,£0.00,C,-£329.66
"Amex",,,13/09/2015,"tesco","Everyday Expenses:Groceries","Everyday Expenses","Groceries",,£12.00,£0.00,C,-£341.66
"Amex",,,14/09/2015,"tesco","Everyday Expenses:Groceries","Everyday Expenses","Groceries",,£14.16,£0.00,C,-£355.82
"Amex",,,14/09/2015,"tesco","Everyday Expenses:Fuel","Everyday Expenses","Fuel",,£38.20,£0.00,C,-£394.02
"Amex",,,15/09/2015,"Sainsbury's","Everyday Expenses:Groceries","Everyday Expenses","Groceries",,£4.00,£0.00,C,-£398.02
"Amex",,,20/09/2015,"Zizzis","Everyday Expenses:Spending Money","Everyday Expenses","Spending Money",,£30.00,£0.00,C,-£428.02
"Amex",,,20/09/2015,"Asda","Everyday Expenses:Groceries","Everyday Expenses","Groceries",,£49.09,£0.00,C,-£477.11
"Amex",,,24/09/2015,"tesco","Everyday Expenses:Groceries","Everyday Expenses","Groceries",,£3.59,£0.00,C,-£480.70
"Amex",,,01/10/2015,"tesco","Everyday Expenses:Groceries","Everyday Expenses","Groceries",,£2.00,£0.00,C,-£482.70
"Amex",,,01/10/2015,"tesco","Everyday Expenses:Groceries","Everyday Expenses","Groceries",,£2.85,£0.00,C,-£485.55
"Amex",,,01/10/2015,"Coach And Horses","Everyday Expenses:Spending Money","Everyday Expenses","Spending Money",,£9.10,£0.00,C,-£494.65
"Amex",,,01/10/2015,"tesco","Everyday Expenses:Groceries","Everyday Expenses","Groceries",,£20.59,£0.00,C,-£515.24
"Amex",,,01/10/2015,"Tfl","Everyday Expenses:Oyster Card","Everyday Expenses","Oyster Card",,£92.60,£0.00,C,-£607.84
"Amex",,,04/10/2015,"McDonald's","Everyday Expenses:Restaurants","Everyday Expenses","Restaurants",,£8.38,£0.00,C,-£616.22
"Amex",,,05/10/2015,"Uber","Everyday Expenses:Spending Money","Everyday Expenses","Spending Money",,£0.34,£0.00,C,-£616.56
"Amex",,,05/10/2015,"Coach And Horses","Everyday Expenses:Spending Money","Everyday Expenses","Spending Money",,£4.30,£0.00,C,-£620.86
"Amex",,,05/10/2015,"Coach And Horses","Everyday Expenses:Spending Money","Everyday Expenses","Spending Money",,£8.60,£0.00,C,-£629.46
"Amex",,,05/10/2015,"Coach And Horses","Everyday Expenses:Spending Money","Everyday Expenses","Spending Money",,£9.10,£0.00,C,-£638.56
"Amex",,,05/10/2015,"Coach And Horses","Everyday Expenses:Spending Money","Everyday Expenses","Spending Money",,£14.20,£0.00,C,-£652.76
"Amex",,,05/10/2015,"tesco","Everyday Expenses:Groceries","Everyday Expenses","Groceries",,£30.79,£0.00,C,-£683.55
"Amex",,,06/10/2015,"Transfer : Current Account",,,,,£0.00,£494.65,C,-£188.90
"Amex",,,07/10/2015,"Franco Manca","Everyday Expenses:Restaurants","Everyday Expenses","Restaurants",,£11.00,£0.00,C,-£199.90
"Amex",,,09/10/2015,"Tfl","Everyday Expenses:Oyster Card","Everyday Expenses","Oyster Card",,£20.00,£0.00,C,-£219.90
"Amex",,,10/10/2015,"Asda","Everyday Expenses:Groceries","Everyday Expenses","Groceries",,£13.30,£0.00,C,-£233.20
"Amex",,,14/10/2015,"tesco","Everyday Expenses:Groceries","Everyday Expenses","Groceries",,£10.00,£0.00,C,-£243.20
"Amex",,,17/10/2015,"tesco","Everyday Expenses:Restaurants","Everyday Expenses","Restaurants",,£3.00,£0.00,C,-£246.20
"Amex",,,18/10/2015,"Asda","Everyday Expenses:Spending Money","Everyday Expenses","Spending Money",,£13.00,£0.00,C,-£259.20
"Amex",,,21/10/2015,"tesco","Everyday Expenses:Groceries","Everyday Expenses","Groceries",,£5.78,£0.00,C,-£264.98
"Amex",,,21/10/2015,"Thorpe Park","Everyday Expenses:Spending Money","Everyday Expenses","Spending Money",,£29.99,£0.00,C,-£294.97
"Amex",,,22/10/2015,"tesco","Everyday Expenses:Groceries","Everyday Expenses","Groceries",,£2.28,£0.00,C,-£297.25
"Amex",,,24/10/2015,"starbucks","Everyday Expenses:Restaurants","Everyday Expenses","Restaurants",,£7.30,£0.00,C,-£304.55
"Amex",,,24/10/2015,"Parking","Everyday Expenses:Spending Money","Everyday Expenses","Spending Money",,£9.50,£0.00,C,-£314.05
"Amex",,,24/10/2015,"Five Guys","Everyday Expenses:Restaurants","Everyday Expenses","Restaurants",,£23.25,£0.00,C,-£337.30
"Amex",,,24/10/2015,"Next","Everyday Expenses:Clothing","Everyday Expenses","Clothing",,£65.05,£0.00,C,-£402.35
"Amex",,,25/10/2015,"amazon","Everyday Expenses:Clothing","Everyday Expenses","Clothing",,£29.86,£0.00,C,-£432.21
"Amex",,,01/11/2015,"McDonald's","Everyday Expenses:Restaurants","Everyday Expenses","Restaurants",,£4.39,£0.00,C,-£436.60
"Amex",,,01/11/2015,"tesco","Everyday Expenses:Groceries","Everyday Expenses","Groceries",,£4.80,£0.00,C,-£441.40
"Amex",,,01/11/2015,"South West Trains","Everyday Expenses:Spending Money","Everyday Expenses","Spending Money",,£6.75,£0.00,C,-£448.15
"Amex",,,01/11/2015,"McDonald's","Everyday Expenses:Restaurants","Everyday Expenses","Restaurants",,£17.90,£0.00,C,-£466.05
"Amex",,,01/11/2015,"tesco","Everyday Expenses:Spending Money","Everyday Expenses","Spending Money",,£18.00,£0.00,C,-£484.05
"Amex",,,01/11/2015,"McDonald's","Everyday Expenses:Restaurants","Everyday Expenses","Restaurants",,£18.95,£0.00,C,-£503.00
"Amex",,,01/11/2015,"amazon","Everyday Expenses:Clothing","Everyday Expenses","Clothing",,£29.48,£0.00,C,-£532.48
"Amex",,,02/11/2015,"tesco","Everyday Expenses:Groceries","Everyday Expenses","Groceries",,£5.05,£0.00,C,-£537.53
"Amex",,,02/11/2015,"Sainsbury's","Everyday Expenses:Groceries","Everyday Expenses","Groceries",,£5.25,£0.00,C,-£542.78
"Amex",,,02/11/2015,"McDonald's","Everyday Expenses:Restaurants","Everyday Expenses","Restaurants",,£16.86,£0.00,C,-£559.64
"Amex",,,02/11/2015,"Tfl","Everyday Expenses:Oyster Card","Everyday Expenses","Oyster Card",,£92.60,£0.00,C,-£652.24
"Amex",,,03/11/2015,"tesco","Everyday Expenses:Groceries","Everyday Expenses","Groceries",,£3.00,£0.00,C,-£655.24
"Amex",,,05/11/2015,"Transfer : Current Account",,,,,£0.00,£461.69,C,-£193.55
"Amex",,,07/11/2015,"tesco","Everyday Expenses:Groceries","Everyday Expenses","Groceries",,£18.19,£0.00,C,-£211.74
"Amex",,,07/11/2015,"tesco","Everyday Expenses:Fuel","Everyday Expenses","Fuel",,£20.01,£0.00,C,-£231.75
"Amex",,,08/11/2015,"Uber","Everyday Expenses:Spending Money","Everyday Expenses","Spending Money",,£7.90,£0.00,C,-£239.65
"Amex",,,10/11/2015,"Cineworld","Everyday Expenses:Spending Money","Everyday Expenses","Spending Money",,£1.00,£0.00,C,-£240.65
"Amex",,,12/11/2015,"Comptoir Lebanese","Everyday Expenses:Restaurants","Everyday Expenses","Restaurants",,£18.50,£0.00,C,-£259.15
"Amex",,,13/11/2015,"Honky Tonk","Everyday Expenses:Spending Money","Everyday Expenses","Spending Money",,£8.00,£0.00,C,-£267.15
"Amex",,,13/11/2015,"64th & Social","Everyday Expenses:Spending Money","Everyday Expenses","Spending Money",,£10.30,£0.00,C,-£277.45
"Amex",,,13/11/2015,"Infernos","Everyday Expenses:Spending Money","Everyday Expenses","Spending Money",,£15.90,£0.00,C,-£293.35
"Amex",,,14/11/2015,"tesco","Everyday Expenses:Groceries","Everyday Expenses","Groceries",,£5.41,£0.00,C,-£298.76
"Amex",,,14/11/2015,"McDonald's","Everyday Expenses:Restaurants","Everyday Expenses","Restaurants",,£5.79,£0.00,C,-£304.55
"Amex",,,14/11/2015,"Uber","Everyday Expenses:Spending Money","Everyday Expenses","Spending Money",,£10.79,£0.00,C,-£315.34
"Amex",,,14/11/2015,"Infernos","Everyday Expenses:Spending Money","Everyday Expenses","Spending Money",,£16.50,£0.00,C,-£331.84
"Amex",,,20/11/2015,"tesco","Everyday Expenses:Groceries","Everyday Expenses","Groceries",,£17.75,£0.00,C,-£349.59
"Amex",,,20/11/2015,"Steak And Co","Everyday Expenses:Restaurants","Everyday Expenses","Restaurants",,£60.00,£0.00,C,-£409.59
"Amex",,,26/11/2015,"tesco","Everyday Expenses:Groceries","Everyday Expenses","Groceries",,£10.00,£0.00,C,-£419.59
"Amex",,,01/12/2015,"tesco","Everyday Expenses:Groceries","Everyday Expenses","Groceries",,£3.69,£0.00,C,-£423.28
"Amex",,,01/12/2015,"Gbk","Everyday Expenses:Restaurants","Everyday Expenses","Restaurants",,£18.15,£0.00,C,-£441.43
"Amex",,,01/12/2015,"tesco","Everyday Expenses:Groceries","Everyday Expenses","Groceries",,£18.38,£0.00,C,-£459.81
"Amex",,,01/12/2015,"tesco","Everyday Expenses:Groceries","Everyday Expenses","Groceries",,£18.89,£0.00,C,-£478.70
"Amex",,,02/12/2015,"Tfl","Everyday Expenses:Oyster Card","Everyday Expenses","Oyster Card",,£92.60,£0.00,C,-£571.30
"Amex",,,04/12/2015,"Uber","Everyday Expenses:Spending Money","Everyday Expenses","Spending Money",,£7.84,£0.00,C,-£579.14
"Amex",,,05/12/2015,"tesco","Everyday Expenses:Groceries","Everyday Expenses","Groceries",,£27.87,£0.00,C,-£607.01
"Amex",,,07/12/2015,"Transfer : Current Account",,,,,£0.00,£419.59,C,-£187.42
"Amex",,,07/12/2015,"tesco","Everyday Expenses:Groceries","Everyday Expenses","Groceries",,£1.99,£0.00,C,-£189.41
"Amex",,,07/12/2015,"Tfl","Everyday Expenses:Oyster Card","Everyday Expenses","Oyster Card",,£20.00,£0.00,C,-£209.41
"Amex",,,09/12/2015,"amazon","Rainy Day Funds:Christmas","Rainy Day Funds","Christmas",,£115.99,£0.00,C,-£325.40
"Amex",,,12/12/2015,"tesco","Everyday Expenses:Groceries","Everyday Expenses","Groceries",,£9.34,£0.00,C,-£334.74
"Amex",,,12/12/2015,"tesco","Everyday Expenses:Fuel","Everyday Expenses","Fuel",,£34.71,£0.00,C,-£369.45
"Amex",,,13/12/2015,"tesco","Everyday Expenses:Groceries","Everyday Expenses","Groceries",,£14.75,£0.00,C,-£384.20
"Amex",,,13/12/2015,"amazon","Rainy Day Funds:Christmas","Rainy Day Funds","Christmas",,£14.97,£0.00,C,-£399.17
"Amex",,,15/12/2015,"amazon","Rainy Day Funds:Christmas","Rainy Day Funds","Christmas",,£3.79,£0.00,C,-£402.96
"Amex",,,16/12/2015,"Uber","Everyday Expenses:Spending Money","Everyday Expenses","Spending Money",,£3.62,£0.00,C,-£406.58
"Amex",,,16/12/2015,"pub","Everyday Expenses:Spending Money","Everyday Expenses","Spending Money",,£4.00,£0.00,C,-£410.58
"Amex",,,16/12/2015,"Foodrun","Everyday Expenses:Restaurants","Everyday Expenses","Restaurants",,£7.66,£0.00,C,-£418.24
"Amex",,,16/12/2015,"pub","Everyday Expenses:Spending Money","Everyday Expenses","Spending Money",,£8.70,£0.00,C,-£426.94
"Amex",,,17/12/2015,"amazon","Rainy Day Funds:Christmas","Rainy Day Funds","Christmas",,£19.99,£0.00,C,-£446.93
"Amex",,,18/12/2015,"Cineworld","Everyday Expenses:Spending Money","Everyday Expenses","Spending Money",,£2.50,£0.00,C,-£449.43
"Amex",,,18/12/2015,"Uber","Everyday Expenses:Spending Money","Everyday Expenses","Spending Money",,£8.65,£0.00,C,-£458.08
"Amex",,,18/12/2015,"tesco","Everyday Expenses:Groceries","Everyday Expenses","Groceries",,£11.89,£0.00,C,-£469.97
"Amex",,,18/12/2015,"amazon","Rainy Day Funds:Christmas","Rainy Day Funds","Christmas",,£29.88,£0.00,C,-£499.85
"Amex",,,20/12/2015,"Sainsbury's","Everyday Expenses:Groceries","Everyday Expenses","Groceries",,£5.20,£0.00,C,-£505.05
"Amex",,,21/12/2015,"tesco","Everyday Expenses:Groceries","Everyday Expenses","Groceries",,£7.94,£0.00,C,-£512.99
"Amex",,,23/12/2015,"Spice Of India","Everyday Expenses:Restaurants","Everyday Expenses","Restaurants",,£21.00,£0.00,C,-£533.99
"Amex",,,30/12/2015,"tesco","Everyday Expenses:Spending Money","Everyday Expenses","Spending Money",,£43.50,£0.00,C,-£577.49
"Amex",,,06/01/2016,"tesco","Everyday Expenses:Groceries","Everyday Expenses","Groceries",,£16.63,£0.00,C,-£594.12
"Amex",,,07/01/2016,"Transfer : Current Account",,,,,£0.00,£533.99,C,-£60.13
"Amex",,,08/01/2016,"Tfl","Everyday Expenses:Oyster Card","Everyday Expenses","Oyster Card",,£20.00,£0.00,C,-£80.13
"Amex",,,09/01/2016,"Ray Wenderlich","Everyday Expenses:Spending Money","Everyday Expenses","Spending Money",,£45.92,£0.00,C,-£126.05
"Amex",,,10/01/2016,"tesco","Everyday Expenses:Groceries","Everyday Expenses","Groceries",,£11.60,£0.00,C,-£137.65
"Amex",,,12/01/2016,"tesco","Everyday Expenses:Groceries","Everyday Expenses","Groceries",,£2.39,£0.00,C,-£140.04
"Amex",,,16/01/2016,"tesco","Everyday Expenses:Groceries","Everyday Expenses","Groceries",,£31.15,£0.00,C,-£171.19
"Amex",,,20/01/2016,"Coach And Horses","Everyday Expenses:Spending Money","Everyday Expenses","Spending Money",,£5.00,£0.00,C,-£176.19
"Amex",,,21/01/2016,"tesco","Everyday Expenses:Groceries","Everyday Expenses","Groceries",,£10.94,£0.00,C,-£187.13
"Amex",,,21/01/2016,"tesco","Everyday Expenses:Fuel","Everyday Expenses","Fuel",,£38.42,£0.00,C,-£225.55
"Amex",,,23/01/2016,"Cooperative","Everyday Expenses:Restaurants","Everyday Expenses","Restaurants",,£2.65,£0.00,C,-£228.20
"Amex",,,23/01/2016,"pub","Everyday Expenses:Spending Money","Everyday Expenses","Spending Money",,£4.00,£0.00,C,-£232.20
"Amex",,,23/01/2016,"Gbk","Everyday Expenses:Restaurants","Everyday Expenses","Restaurants",,£18.15,£0.00,C,-£250.35
"Amex",,,24/01/2016,"tesco","Everyday Expenses:Spending Money","Everyday Expenses","Spending Money",,£10.00,£0.00,C,-£260.35
"Amex",,,25/01/2016,"tesco","Everyday Expenses:Groceries","Everyday Expenses","Groceries",,£13.55,£0.00,C,-£273.90
"Amex",,,27/01/2016,"Franco Manca","Everyday Expenses:Restaurants","Everyday Expenses","Restaurants",,£9.50,£0.00,C,-£283.40
"Amex",,,29/01/2016,"Tfl","Everyday Expenses:Oyster Card","Everyday Expenses","Oyster Card",,£20.00,£0.00,C,-£303.40
"Amex",,,29/01/2016,"Amex","Rainy Day Funds:Amex Annual Fee","Rainy Day Funds","Amex Annual Fee",,£125.00,£0.00,C,-£428.40
"Amex",,,31/01/2016,"tesco","Everyday Expenses:Groceries","Everyday Expenses","Groceries",,£5.37,£0.00,C,-£433.77
"Amex",,,01/02/2016,"tesco","Everyday Expenses:Spending Money","Everyday Expenses","Spending Money",,£13.00,£0.00,C,-£446.77
"Amex",,,02/02/2016,"tesco","Everyday Expenses:Groceries","Everyday Expenses","Groceries",,£7.35,£0.00,C,-£454.12
"Amex",,,02/02/2016,"Foodrun","Everyday Expenses:Restaurants","Everyday Expenses","Restaurants",,£7.40,£0.00,C,-£461.52
"Amex",,,02/02/2016,"tesco","Everyday Expenses:Fuel","Everyday Expenses","Fuel",,£31.42,£0.00,C,-£492.94
"Amex",,,04/02/2016,"123-reg","Everyday Expenses:Spending Money","Everyday Expenses","Spending Money",,£1.19,£0.00,C,-£494.13
"Amex",,,04/02/2016,"Cineworld","Everyday Expenses:Spending Money","Everyday Expenses","Spending Money",,£2.00,£0.00,C,-£496.13
"Amex",,,04/02/2016,"Depot","Everyday Expenses:Restaurants","Everyday Expenses","Restaurants",,£27.00,£0.00,C,-£523.13
"Amex",,,05/02/2016,"Transfer : Current Account",,,,,£0.00,£408.40,C,-£114.73
"Amex",,,06/02/2016,"tesco","Everyday Expenses:Groceries","Everyday Expenses","Groceries",,£8.10,£0.00,C,-£122.83
"Amex",,,06/02/2016,"tesco","Everyday Expenses:Groceries","Everyday Expenses","Groceries",,£8.80,£0.00,C,-£131.63
"Amex",,,06/02/2016,"Next","Everyday Expenses:Clothing","Everyday Expenses","Clothing",,£50.05,£0.00,C,-£181.68
"Amex",,,07/02/2016,"tesco","Everyday Expenses:Groceries","Everyday Expenses","Groceries",,£15.64,£0.00,C,-£197.32
"Amex",,,08/02/2016,"amazon","Everyday Expenses:Spending Money","Everyday Expenses","Spending Money",,£3.62,£0.00,C,-£200.94
"Amex",,,08/02/2016,"amazon","Everyday Expenses:Spending Money","Everyday Expenses","Spending Money",,£11.51,£0.00,C,-£212.45
"Amex",,,12/02/2016,"tesco","Everyday Expenses:Restaurants","Everyday Expenses","Restaurants",,£3.00,£0.00,C,-£215.45
"Amex",,,12/02/2016,"tesco","Everyday Expenses:Spending Money","Everyday Expenses","Spending Money",,£13.34,£0.00,C,-£228.79
"Amex",,,14/02/2016,"Prezzo","Everyday Expenses:Restaurants","Everyday Expenses","Restaurants",,£55.00,£0.00,C,-£283.79
"Amex",,,18/02/2016,"Foodrun","Everyday Expenses:Restaurants","Everyday Expenses","Restaurants",,£5.90,£0.00,C,-£289.69
"Amex",,,18/02/2016,"tesco","Everyday Expenses:Groceries","Everyday Expenses","Groceries",,£11.69,£0.00,C,-£301.38
"Amex",,,19/02/2016,"tesco","Everyday Expenses:Groceries","Everyday Expenses","Groceries",,£6.30,£0.00,C,-£307.68
"Amex",,,20/02/2016,"Sainsbury's","Everyday Expenses:Groceries","Everyday Expenses","Groceries",,£2.75,£0.00,C,-£310.43
"Amex",,,20/02/2016,"Pho","Everyday Expenses:Restaurants","Everyday Expenses","Restaurants",,£13.70,£0.00,C,-£324.13
"Amex",,,24/02/2016,"Cineworld","Everyday Expenses:Spending Money","Everyday Expenses","Spending Money",,£1.00,£0.00,C,-£325.13
"Amex",,,25/02/2016,"tesco","Everyday Expenses:Spending Money","Everyday Expenses","Spending Money",,£1.42,£0.00,C,-£326.55
"Amex",,,25/02/2016,"tesco","Everyday Expenses:Fuel","Everyday Expenses","Fuel",,£8.58,£0.00,C,-£335.13
"Amex",,,26/02/2016,"Franco Manca","Everyday Expenses:Restaurants","Everyday Expenses","Restaurants",,£7.60,£0.00,C,-£342.73
"Amex",,,26/02/2016,"tesco","Everyday Expenses:Groceries","Everyday Expenses","Groceries",,£22.05,£0.00,C,-£364.78
"Amex",,,28/02/2016,"amazon","Everyday Expenses:Spending Money","Everyday Expenses","Spending Money",,£23.00,£0.00,C,-£387.78
"Amex",,,29/02/2016,"Uber","Everyday Expenses:Spending Money","Everyday Expenses","Spending Money",,£7.15,£0.00,C,-£394.93
"Amex",,,01/03/2016,"River Island","Everyday Expenses:Clothing","Everyday Expenses","Clothing",,£65.00,£0.00,C,-£459.93
"Amex",,,03/03/2016,"tesco","Everyday Expenses:Groceries","Everyday Expenses","Groceries",,£5.55,£0.00,C,-£465.48
"Amex",,,04/03/2016,"pub","Everyday Expenses:Restaurants","Everyday Expenses","Restaurants",,£20.00,£0.00,C,-£485.48
"Amex",,,05/03/2016,"Cafe Nero","Everyday Expenses:Restaurants","Everyday Expenses","Restaurants",,£8.00,£0.00,C,-£493.48
"Amex",,,05/03/2016,"Bar Soho","Everyday Expenses:Spending Money","Everyday Expenses","Spending Money",,£8.25,£0.00,C,-£501.73
"Amex",,,05/03/2016,"Bar Soho","Everyday Expenses:Spending Money","Everyday Expenses","Spending Money",,£16.50,£0.00,C,-£518.23
"Amex",,,05/03/2016,"Bar Soho","Everyday Expenses:Spending Money","Everyday Expenses","Spending Money",,£16.52,£0.00,C,-£534.75
"Amex",,,05/03/2016,"Tfl","Everyday Expenses:Spending Money","Everyday Expenses","Spending Money",,£20.00,£0.00,C,-£554.75
"Amex",,,06/03/2016,"tesco","Everyday Expenses:Groceries","Everyday Expenses","Groceries",,£3.00,£0.00,C,-£557.75
"Amex",,,06/03/2016,"tesco","Everyday Expenses:Fuel","Everyday Expenses","Fuel",,£36.35,£0.00,C,-£594.10
"Amex",,,07/03/2016,"Transfer : Current Account",,,,,£0.00,£364.78,C,-£229.32
"Amex",,,09/03/2016,"Foodrun","Everyday Expenses:Restaurants","Everyday Expenses","Restaurants",,£7.14,£0.00,C,-£236.46
"Amex",,,09/03/2016,"tesco","Everyday Expenses:Groceries","Everyday Expenses","Groceries",,£14.89,£0.00,C,-£251.35
"Amex",,,13/03/2016,"Sainsbury's","Everyday Expenses:Groceries","Everyday Expenses","Groceries",,£3.55,£0.00,C,-£254.90
"Amex",,,14/03/2016,"tesco","Everyday Expenses:Groceries","Everyday Expenses","Groceries",,£13.00,£0.00,C,-£267.90
"Amex",,,15/03/2016,"tesco","Everyday Expenses:Groceries","Everyday Expenses","Groceries",,£17.10,£0.00,C,-£285.00
"Amex",,,16/03/2016,"tesco","Everyday Expenses:Groceries","Everyday Expenses","Groceries",,£7.20,£0.00,C,-£292.20
"Amex",,,18/03/2016,"pub","Everyday Expenses:Restaurants","Everyday Expenses","Restaurants",,£20.75,£0.00,C,-£312.95
"Amex",,,19/03/2016,"Uber","Everyday Expenses:Spending Money","Everyday Expenses","Spending Money",,£12.56,£0.00,C,-£325.51
"Amex",,,20/03/2016,"tesco","Everyday Expenses:Groceries","Everyday Expenses","Groceries",,£6.55,£0.00,C,-£332.06
"Amex",,,21/03/2016,"tesco","Everyday Expenses:Groceries","Everyday Expenses","Groceries",,£4.75,£0.00,C,-£336.81
"Amex",,,24/03/2016,"tesco","Everyday Expenses:Groceries","Everyday Expenses","Groceries",,£34.14,£0.00,C,-£370.95
"Amex",,,25/03/2016,"tesco","Everyday Expenses:Groceries","Everyday Expenses","Groceries",,£6.49,£0.00,C,-£377.44
"Amex",,,27/03/2016,"tesco","Everyday Expenses:Fuel","Everyday Expenses","Fuel",,£15.00,£0.00,C,-£392.44
"Amex",,,28/03/2016,"tesco","Everyday Expenses:Groceries","Everyday Expenses","Groceries",,£8.48,£0.00,C,-£400.92
"Amex",,,30/03/2016,"Cineworld","Everyday Expenses:Spending Money","Everyday Expenses","Spending Money",,£1.00,£0.00,C,-£401.92
"Amex",,,01/04/2016,"tesco","Everyday Expenses:Fuel","Everyday Expenses","Fuel",,£44.13,£0.00,C,-£446.05
"Amex",,,03/04/2016,"tesco","Everyday Expenses:Groceries","Everyday Expenses","Groceries",,£6.80,£0.00,C,-£452.85
"Amex",,,06/04/2016,"Transfer : Current Account",,,,,£0.00,£392.44,C,-£60.41
"Amex",,,06/04/2016,"tesco","Everyday Expenses:Groceries","Everyday Expenses","Groceries",,£6.11,£0.00,C,-£66.52
"Amex",,,07/04/2016,"amazon","Everyday Expenses:Spending Money","Everyday Expenses","Spending Money",,£15.37,£0.00,C,-£81.89
"Amex",,,10/04/2016,"Morrisons","Everyday Expenses:Fuel","Everyday Expenses","Fuel",,£44.61,£0.00,C,-£126.50
"Amex",,,11/04/2016,"tesco","Everyday Expenses:Groceries","Everyday Expenses","Groceries",,£13.86,£0.00,C,-£140.36
"Amex",,,18/04/2016,"tesco","Everyday Expenses:Groceries","Everyday Expenses","Groceries",,£13.00,£0.00,C,-£153.36
"Amex",,,18/04/2016,"McDonald's","Everyday Expenses:Restaurants","Everyday Expenses","Restaurants",,£19.53,£0.00,C,-£172.89
"Amex",,,20/04/2016,"Foodrun","Everyday Expenses:Restaurants","Everyday Expenses","Restaurants",,£7.14,£0.00,C,-£180.03
"Amex",,,20/04/2016,"tesco","Everyday Expenses:Groceries","Everyday Expenses","Groceries",,£17.07,£0.00,C,-£197.10
"Amex",,,20/04/2016,"tesco","Everyday Expenses:Groceries","Everyday Expenses","Groceries",,£49.06,£0.00,C,-£246.16
"Amex",,,23/04/2016,"tesco","Everyday Expenses:Spending Money","Everyday Expenses","Spending Money",,£10.00,£0.00,C,-£256.16
"Amex",,,24/04/2016,"tesco","Everyday Expenses:Groceries","Everyday Expenses","Groceries",,£6.30,£0.00,C,-£262.46
"Amex",,,25/04/2016,"tesco","Everyday Expenses:Fuel","Everyday Expenses","Fuel",,£20.00,£0.00,C,-£282.46
"Amex",,,26/04/2016,"tesco","Everyday Expenses:Spending Money","Everyday Expenses","Spending Money",,£8.00,£0.00,C,-£290.46
"Amex",,,28/04/2016,"Franco Manca","Everyday Expenses:Restaurants","Everyday Expenses","Restaurants",,£10.85,£0.00,C,-£301.31
"Amex",,,29/04/2016,"tesco","Everyday Expenses:Spending Money","Everyday Expenses","Spending Money",,£10.00,£0.00,C,-£311.31
"Amex",,,01/05/2016,"Pinocchio","Everyday Expenses:Restaurants","Everyday Expenses","Restaurants",,£18.00,£0.00,C,-£329.31
"Amex",,,01/05/2016,"tesco","Everyday Expenses:Fuel","Everyday Expenses","Fuel",,£47.59,£0.00,C,-£376.90
"Amex",,,02/05/2016,"Sports Direct","Everyday Expenses:Clothing","Everyday Expenses","Clothing",,£122.47,£0.00,C,-£499.37
"Amex",,,03/05/2016,"tesco","Everyday Expenses:Groceries","Everyday Expenses","Groceries",,£8.88,£0.00,C,-£508.25
"Amex",,,04/05/2016,"Cineworld","Everyday Expenses:Spending Money","Everyday Expenses","Spending Money",,£1.00,£0.00,C,-£509.25
"Amex",,,04/05/2016,"tesco","Everyday Expenses:Groceries","Everyday Expenses","Groceries",,£3.00,£0.00,C,-£512.25
"Amex",,,05/05/2016,"McDonald's","Everyday Expenses:Restaurants","Everyday Expenses","Restaurants",,£11.18,£0.00,C,-£523.43
"Amex",,,07/05/2016,"Transfer : Current Account",,,,,£0.00,£290.46,C,-£232.97
"Amex",,,07/05/2016,"tesco","Everyday Expenses:Groceries","Everyday Expenses","Groceries",,£31.14,£0.00,C,-£264.11
"Amex",,,08/05/2016,"Sainsbury's","Everyday Expenses:Groceries","Everyday Expenses","Groceries",,£4.30,£0.00,C,-£268.41
"Amex",,,09/05/2016,"tesco","Everyday Expenses:Spending Money","Everyday Expenses","Spending Money",,£20.00,£0.00,C,-£288.41
"Amex",,,09/05/2016,"tesco","Savings Goals:Vacation","Savings Goals","Vacation",,£42.21,£0.00,C,-£330.62
"Amex",,,10/05/2016,"M6 Toll","Savings Goals:Vacation","Savings Goals","Vacation",,£5.50,£0.00,C,-£336.12
"Amex",,,13/05/2016,"starbucks","Savings Goals:Vacation","Savings Goals","Vacation",,£2.75,£0.00,C,-£338.87
"Amex",,,13/05/2016,"Kfc","Savings Goals:Vacation","Savings Goals","Vacation",,£13.68,£0.00,C,-£352.55
"Amex",,,14/05/2016,"tesco","Everyday Expenses:Groceries","Everyday Expenses","Groceries",,£5.80,£0.00,C,-£358.35
"Amex",,,15/05/2016,"McDonald's","Everyday Expenses:Restaurants","Everyday Expenses","Restaurants",,£6.09,£0.00,C,-£364.44
"Amex",,,15/05/2016,"tesco","Everyday Expenses:Groceries","Everyday Expenses","Groceries",,£7.55,£0.00,C,-£371.99
"Amex",,,16/05/2016,"amazon","Everyday Expenses:Spending Money","Everyday Expenses","Spending Money",,£19.46,£0.00,C,-£391.45
"Amex",,,17/05/2016,"tesco","Everyday Expenses:Fuel","Everyday Expenses","Fuel",,£32.42,£0.00,C,-£423.87
"Amex",,,17/05/2016,"tesco","Rainy Day Funds:Birthdays","Rainy Day Funds","Birthdays",,£39.25,£0.00,C,-£463.12
"Amex",,,21/05/2016,"Sainsbury's","Everyday Expenses:Groceries","Everyday Expenses","Groceries",,£11.00,£0.00,C,-£474.12
"Amex",,,22/05/2016,"McDonald's","Everyday Expenses:Restaurants","Everyday Expenses","Restaurants",,£4.99,£0.00,C,-£479.11
"Amex",,,23/05/2016,"tesco","Everyday Expenses:Groceries","Everyday Expenses","Groceries",,£6.00,£0.00,C,-£485.11
"Amex",,,23/05/2016,"amazon","Everyday Expenses:Spending Money","Everyday Expenses","Spending Money",,£14.44,£0.00,C,-£499.55
"Amex",,,24/05/2016,"tesco","Everyday Expenses:Groceries","Everyday Expenses","Groceries",,£3.99,£0.00,C,-£503.54
"Amex",,,24/05/2016,"Currys","Everyday Expenses:Spending Money","Everyday Expenses","Spending Money",,£19.99,£0.00,C,-£523.53
"Amex",,,25/05/2016,"tesco","Everyday Expenses:Groceries","Everyday Expenses","Groceries",,£4.00,£0.00,C,-£527.53
"Amex",,,28/05/2016,"tesco","Everyday Expenses:Groceries","Everyday Expenses","Groceries",,£20.10,£0.00,C,-£547.63
"Amex",,,28/05/2016,"Spice Of India","Rainy Day Funds:Birthdays","Rainy Day Funds","Birthdays",,£84.60,£0.00,C,-£632.23
"Amex",,,29/05/2016,"Petrol Station","Everyday Expenses:Spending Money","Everyday Expenses","Spending Money",,£4.78,£0.00,C,-£637.01
"Amex",,,29/05/2016,"tesco","Everyday Expenses:Spending Money","Everyday Expenses","Spending Money",,£17.50,£0.00,C,-£654.51
"Amex",,,01/06/2016,"Tfl","Everyday Expenses:Spending Money","Everyday Expenses","Spending Money",,£6.40,£0.00,C,-£660.91
"Amex",,,01/06/2016,"Spotify","Monthly Bills:Spotify","Monthly Bills","Spotify",,£9.99,£0.00,C,-£670.90
"Amex",,,01/06/2016,"tesco","Everyday Expenses:Groceries","Everyday Expenses","Groceries",,£10.08,£0.00,C,-£680.98
"Amex",,,01/06/2016,"tesco","Everyday Expenses:Fuel","Everyday Expenses","Fuel",,£49.00,£0.00,C,-£729.98
"Amex",,,03/06/2016,"Chicago Rib Shack","Everyday Expenses:Restaurants","Everyday Expenses","Restaurants",,£51.70,£0.00,C,-£781.68
"Amex",,,04/06/2016,"tesco","Everyday Expenses:Groceries","Everyday Expenses","Groceries",,£6.18,£0.00,C,-£787.86
"Amex",,,04/06/2016,"JD Sports","Everyday Expenses:Clothing","Everyday Expenses","Clothing",,£55.00,£0.00,C,-£842.86
"Amex",,,04/06/2016,"Next","Everyday Expenses:Clothing","Everyday Expenses","Clothing",,£91.05,£0.00,C,-£933.91
"Amex",,,05/06/2016,"Insurefor","Savings Goals:Vacation","Savings Goals","Vacation",,£8.40,£0.00,C,-£942.31
"Amex",,,05/06/2016,"amazon","Savings Goals:Vacation","Savings Goals","Vacation",,£20.09,£0.00,C,-£962.40
"Amex",,,06/06/2016,"tesco","Everyday Expenses:Groceries","Everyday Expenses","Groceries",,£4.08,£0.00,C,-£966.48
"Amex",,,07/06/2016,"Transfer : Current Account",,,,,£0.00,£527.53,C,-£438.95
"Amex",,,08/06/2016,"McDonald's","Everyday Expenses:Restaurants","Everyday Expenses","Restaurants",,£4.89,£0.00,C,-£443.84
"Amex",,,08/06/2016,"Tfl","Everyday Expenses:Spending Money","Everyday Expenses","Spending Money",,£7.10,£0.00,C,-£450.94
"Amex",,,10/06/2016,"tesco","Everyday Expenses:Groceries","Everyday Expenses","Groceries",,£77.77,£0.00,C,-£528.71
"Amex",,,11/06/2016,"tesco","Everyday Expenses:Spending Money","Everyday Expenses","Spending Money",,£32.99,£0.00,C,-£561.70
"Amex",,,11/06/2016,"Duty Free","Everyday Expenses:Spending Money","Everyday Expenses","Spending Money",,£41.65,£0.00,C,-£603.35
"Amex",,,20/06/2016,"amazon","Everyday Expenses:Spending Money","Everyday Expenses","Spending Money",,£15.98,£0.00,C,-£619.33
"Amex",,,27/06/2016,"McDonald's","Everyday Expenses:Restaurants","Everyday Expenses","Restaurants",,£5.19,£0.00,C,-£624.52
"Amex",,,27/06/2016,"tesco","Everyday Expenses:Groceries","Everyday Expenses","Groceries",,£8.20,£0.00,C,-£632.72
"Amex",,,27/06/2016,"Shell","Everyday Expenses:Fuel","Everyday Expenses","Fuel",,£40.00,£0.00,C,-£672.72
"Amex",,,28/06/2016,"amazon","Rainy Day Funds:Birthdays","Rainy Day Funds","Birthdays",,£7.99,£0.00,C,-£680.71
"Amex",,,28/06/2016,"Spotify","Monthly Bills:Spotify","Monthly Bills","Spotify",,£9.99,£0.00,C,-£690.70
"Amex",,,28/06/2016,"tesco","Everyday Expenses:Groceries","Everyday Expenses","Groceries",,£14.89,£0.00,C,-£705.59
"Amex",,,28/06/2016,"Argos","Everyday Expenses:Spending Money","Everyday Expenses","Spending Money",,£32.98,£0.00,C,-£738.57
"Amex",,,02/07/2016,"Tfl","Everyday Expenses:Spending Money","Everyday Expenses","Spending Money",,£4.90,£0.00,C,-£743.47
"Amex",,,02/07/2016,"Tfl","Everyday Expenses:Spending Money","Everyday Expenses","Spending Money",,£15.10,£0.00,C,-£758.57
"Amex",,,02/07/2016,"Uber","Everyday Expenses:Spending Money","Everyday Expenses","Spending Money",,£19.95,£0.00,C,-£778.52
"Amex",,,03/07/2016,"tesco","Everyday Expenses:Groceries","Everyday Expenses","Groceries",,£12.95,£0.00,C,-£791.47
"Amex",,,04/07/2016,"amazon","Everyday Expenses:Spending Money","Everyday Expenses","Spending Money",,£9.99,£0.00,C,-£801.46
"Amex",,,04/07/2016,"tesco","Everyday Expenses:Groceries","Everyday Expenses","Groceries",,£21.45,£0.00,C,-£822.91
"Amex",,,07/07/2016,"Transfer : Current Account",,,,,£0.00,£705.70,C,-£117.21
"Amex",,,08/07/2016,"Tfl","Everyday Expenses:Spending Money","Everyday Expenses","Spending Money",,£4.80,£0.00,C,-£122.01
"Amex",,,09/07/2016,"Sainsbury's","Everyday Expenses:Groceries","Everyday Expenses","Groceries",,£6.59,£0.00,C,-£128.60
"Amex",,,10/07/2016,"tesco","Everyday Expenses:Groceries","Everyday Expenses","Groceries",,£6.51,£0.00,C,-£135.11
"Amex",,,10/07/2016,"amazon","Everyday Expenses:Spending Money","Everyday Expenses","Spending Money",,£9.45,£0.00,C,-£144.56
"Amex",,,11/07/2016,"tesco","Everyday Expenses:Groceries","Everyday Expenses","Groceries",,£4.00,£0.00,C,-£148.56
"Amex",,,12/07/2016,"amazon","Everyday Expenses:Spending Money","Everyday Expenses","Spending Money",,£6.99,£0.00,C,-£155.55
"Amex",,,12/07/2016,"pub","Everyday Expenses:Restaurants","Everyday Expenses","Restaurants",,£10.56,£0.00,C,-£166.11
"Amex",,,12/07/2016,"amazon","Rainy Day Funds:Emergency Fund","Rainy Day Funds","Emergency Fund",,£116.98,£0.00,C,-£283.09
"Amex",,,13/07/2016,"Foodrun","Everyday Expenses:Restaurants","Everyday Expenses","Restaurants",,£7.35,£0.00,C,-£290.44
"Amex",,,13/07/2016,"tesco","Everyday Expenses:Fuel","Everyday Expenses","Fuel",,£50.00,£0.00,C,-£340.44
"Amex",,,14/07/2016,"Eventbrite","Rainy Day Funds:Birthdays","Rainy Day Funds","Birthdays",,£43.77,£0.00,C,-£384.21
"Amex",,,15/07/2016,"Tfl","Everyday Expenses:Spending Money","Everyday Expenses","Spending Money",,£7.50,£0.00,C,-£391.71
"Amex",,,15/07/2016,"Five Guys","Everyday Expenses:Restaurants","Everyday Expenses","Restaurants",,£14.00,£0.00,C,-£405.71
"Amex",,,15/07/2016,"pub","Rainy Day Funds:Birthdays","Rainy Day Funds","Birthdays",,£55.00,£0.00,C,-£460.71
"Amex",,,16/07/2016,"Tfl","Everyday Expenses:Spending Money","Everyday Expenses","Spending Money",,£3.20,£0.00,C,-£463.91
"Amex",,,16/07/2016,"tesco","Everyday Expenses:Groceries","Everyday Expenses","Groceries",,£8.60,£0.00,C,-£472.51
"Amex",,,16/07/2016,"tesco","Everyday Expenses:Groceries","Everyday Expenses","Groceries",,£10.10,£0.00,C,-£482.61
"Amex",,,17/07/2016,"tesco","Everyday Expenses:Groceries","Everyday Expenses","Groceries",,£1.00,£0.00,C,-£483.61
"Amex",,,17/07/2016,"World of Golf","Everyday Expenses:Restaurants","Everyday Expenses","Restaurants",,£5.80,£0.00,C,-£489.41
"Amex",,,19/07/2016,"amazon","Everyday Expenses:Spending Money","Everyday Expenses","Spending Money",,£5.97,£0.00,C,-£495.38
"Amex",,,20/07/2016,"tesco","Everyday Expenses:Groceries","Everyday Expenses","Groceries",,£7.65,£0.00,C,-£503.03
"Amex",,,23/07/2016,"Tfl","Everyday Expenses:Spending Money","Everyday Expenses","Spending Money",,£11.00,£0.00,C,-£514.03
"Amex",,,23/07/2016,"McDonald's","Everyday Expenses:Spending Money","Everyday Expenses","Spending Money",,£11.68,£0.00,C,-£525.71
"Amex",,,23/07/2016,"tesco","Everyday Expenses:Groceries","Everyday Expenses","Groceries",,£12.43,£0.00,C,-£538.14
"Amex",,,24/07/2016,"Just Eat","Everyday Expenses:Restaurants","Everyday Expenses","Restaurants",,£16.00,£0.00,C,-£554.14
"Amex",,,25/07/2016,"Asda","Everyday Expenses:Groceries","Everyday Expenses","Groceries",,£11.88,£0.00,C,-£566.02
"Amex",,,25/07/2016,"Sports Direct","Everyday Expenses:Clothing","Everyday Expenses","Clothing",,£17.99,£0.00,C,-£584.01
"Amex",,,28/07/2016,"Spotify","Monthly Bills:Spotify","Monthly Bills","Spotify",,£9.99,£0.00,C,-£594.00
"Amex",,,30/07/2016,"Next","Everyday Expenses:Clothing","Everyday Expenses","Clothing",,£12.00,£0.00,C,-£606.00
"Amex",,,01/08/2016,"Zizzis","Everyday Expenses:Restaurants","Everyday Expenses","Restaurants",,£50.00,£0.00,C,-£656.00
"Amex",,,02/08/2016,"tesco","Everyday Expenses:Groceries","Everyday Expenses","Groceries",,£17.45,£0.00,C,-£673.45
"Amex",,,05/08/2016,"Transfer : Current Account",,,,,£0.00,£584.01,C,-£89.44
"Amex",,,05/08/2016,"Uber","Everyday Expenses:Spending Money","Everyday Expenses","Spending Money",,£8.42,£0.00,C,-£97.86
"Amex",,,05/08/2016,"pub","Everyday Expenses:Spending Money","Everyday Expenses","Spending Money",,£9.00,£0.00,C,-£106.86
"Amex",,,05/08/2016,"pub","Everyday Expenses:Spending Money","Everyday Expenses","Spending Money",,£9.50,£0.00,C,-£116.36
"Amex",,,06/08/2016,"Tfl","Everyday Expenses:Spending Money","Everyday Expenses","Spending Money",,£2.00,£0.00,C,-£118.36
"Amex",,,06/08/2016,"Apple","Everyday Expenses:Spending Money","Everyday Expenses","Spending Money",,£2.29,£0.00,C,-£120.65
"Amex",,,06/08/2016,"tesco","Everyday Expenses:Groceries","Everyday Expenses","Groceries",,£29.15,£0.00,C,-£149.80
"Amex",,,08/08/2016,"tesco","Everyday Expenses:Groceries","Everyday Expenses","Groceries",,£7.54,£0.00,C,-£157.34
"Amex",,,09/08/2016,"pub","Everyday Expenses:Spending Money","Everyday Expenses","Spending Money",,£9.10,£0.00,C,-£166.44
"Amex",,,09/08/2016,"Byron","Everyday Expenses:Restaurants","Everyday Expenses","Restaurants",,£17.50,£0.00,C,-£183.94
"Amex",,,10/08/2016,"tesco","Everyday Expenses:Groceries","Everyday Expenses","Groceries",,£6.13,£0.00,C,-£190.07
"Amex",,,11/08/2016,"Tfl","Everyday Expenses:Spending Money","Everyday Expenses","Spending Money",,£2.40,£0.00,C,-£192.47
"Amex",,,11/08/2016,"Uber","Everyday Expenses:Spending Money","Everyday Expenses","Spending Money",,£7.09,£0.00,C,-£199.56
"Amex",,,12/08/2016,"Coach And Horses","Everyday Expenses:Spending Money","Everyday Expenses","Spending Money",,£4.50,£0.00,C,-£204.06
"Amex",,,13/08/2016,"Uber","Everyday Expenses:Spending Money","Everyday Expenses","Spending Money",,£17.65,£0.00,C,-£221.71
"Amex",,,13/08/2016,"tesco","Everyday Expenses:Groceries","Everyday Expenses","Groceries",,£23.84,£0.00,C,-£245.55
"Amex",,,14/08/2016,"tesco","Everyday Expenses:Spending Money","Everyday Expenses","Spending Money",,£10.00,£0.00,C,-£255.55
"Amex",,,14/08/2016,"Spice Of India","Everyday Expenses:Restaurants","Everyday Expenses","Restaurants",,£33.70,£0.00,C,-£289.25
"Amex",,,18/08/2016,"Humble Bundle","Everyday Expenses:Spending Money","Everyday Expenses","Spending Money",,£11.89,£0.00,C,-£301.14
"Amex",,,19/08/2016,"pub","Everyday Expenses:Spending Money","Everyday Expenses","Spending Money",,£13.00,£0.00,C,-£314.14
"Amex",,,19/08/2016,"tesco","Everyday Expenses:Fuel","Everyday Expenses","Fuel",,£50.00,£0.00,C,-£364.14
"Amex",,,20/08/2016,"Tfl","Everyday Expenses:Spending Money","Everyday Expenses","Spending Money",,£4.70,£0.00,C,-£368.84
"Amex",,,20/08/2016,"Uber","Everyday Expenses:Spending Money","Everyday Expenses","Spending Money",,£28.79,£0.00,C,-£397.63
"Amex",,,21/08/2016,"Asda","Everyday Expenses:Spending Money","Everyday Expenses","Spending Money",,£22.94,£0.00,C,-£420.57
"Amex",,,22/08/2016,"tesco","Everyday Expenses:Groceries","Everyday Expenses","Groceries",,£3.44,£0.00,C,-£424.01
"Amex",,,24/08/2016,"Superdrug","Everyday Expenses:Groceries","Everyday Expenses","Groceries",,£5.00,£0.00,C,-£429.01
"Amex",,,26/08/2016,"tesco","Everyday Expenses:Groceries","Everyday Expenses","Groceries",,£0.74,£0.00,C,-£429.75
"Amex",,,26/08/2016,"tesco","Everyday Expenses:Groceries","Everyday Expenses","Groceries",,£5.59,£0.00,C,-£435.34
"Amex",,,27/08/2016,"tesco","Rainy Day Funds:Birthdays","Rainy Day Funds","Birthdays",,£7.50,£0.00,C,-£442.84
"Amex",,,27/08/2016,"Tfl","Everyday Expenses:Spending Money","Everyday Expenses","Spending Money",,£9.00,£0.00,C,-£451.84
"Amex",,,27/08/2016,"Absurd Chicken","Everyday Expenses:Restaurants","Everyday Expenses","Restaurants",,£20.00,£0.00,C,-£471.84
"Amex",,,28/08/2016,"Spotify","Monthly Bills:Spotify","Monthly Bills","Spotify",,£9.99,£0.00,C,-£481.83
"Amex",,,28/08/2016,"Rolling Stock","Everyday Expenses:Spending Money","Everyday Expenses","Spending Money",,£10.00,£0.00,C,-£491.83
"Amex",,,28/08/2016,"Rhum Shack","Everyday Expenses:Spending Money","Everyday Expenses","Spending Money",,£13.00,£0.00,C,-£504.83
"Amex",,,29/08/2016,"amazon","Everyday Expenses:Spending Money","Everyday Expenses","Spending Money",,£17.98,£0.00,C,-£522.81
"Amex",,,30/08/2016,"tesco","Everyday Expenses:Spending Money","Everyday Expenses","Spending Money",,£12.57,£0.00,C,-£535.38
"Amex",,,31/08/2016,"tesco","Everyday Expenses:Groceries","Everyday Expenses","Groceries",,£5.29,£0.00,C,-£540.67
"Amex",,,02/09/2016,"tesco","Everyday Expenses:Groceries","Everyday Expenses","Groceries",,£19.49,£0.00,C,-£560.16
"Amex",,,04/09/2016,"tesco","Everyday Expenses:Groceries","Everyday Expenses","Groceries",,£21.00,£0.00,C,-£581.16
"Amex",,,06/09/2016,"Transfer : Current Account",,,,,£0.00,£494.84,C,-£86.32
"Amex",,,07/09/2016,"Coach And Horses","Everyday Expenses:Spending Money","Everyday Expenses","Spending Money",,£13.50,£0.00,C,-£99.82
"Amex",,,08/09/2016,"tesco","Everyday Expenses:Groceries","Everyday Expenses","Groceries",,£6.90,£0.00,C,-£106.72
"Amex",,,09/09/2016,"Coach And Horses","Everyday Expenses:Spending Money","Everyday Expenses","Spending Money",,£4.50,£0.00,C,-£111.22
"Amex",,,09/09/2016,"Coach And Horses","Everyday Expenses:Spending Money","Everyday Expenses","Spending Money",,£9.00,£0.00,C,-£120.22
"Amex",,,09/09/2016,"tesco","Everyday Expenses:Groceries","Everyday Expenses","Groceries",,£14.00,£0.00,C,-£134.22
"Amex",,,11/09/2016,"Next","Everyday Expenses:Clothing","Everyday Expenses","Clothing",,£47.05,£0.00,C,-£181.27
"Amex",,,12/09/2016,"tesco","Everyday Expenses:Groceries","Everyday Expenses","Groceries",,£5.00,£0.00,C,-£186.27
"Amex",,,15/09/2016,"tesco","Everyday Expenses:Groceries","Everyday Expenses","Groceries",,£3.00,£0.00,C,-£189.27
"Amex",,,16/09/2016,"tesco","Everyday Expenses:Groceries","Everyday Expenses","Groceries",,£14.35,£0.00,C,-£203.62
"Amex",,,17/09/2016,"Zizzis","Everyday Expenses:Restaurants","Everyday Expenses","Restaurants",,£35.00,£0.00,C,-£238.62
"Amex",,,18/09/2016,"tesco","Everyday Expenses:Groceries","Everyday Expenses","Groceries",,£5.30,£0.00,C,-£243.92
"Amex",,,18/09/2016,"tesco","Everyday Expenses:Groceries","Everyday Expenses","Groceries",,£11.55,£0.00,C,-£255.47
"Amex",,,20/09/2016,"Foodrun","Everyday Expenses:Restaurants","Everyday Expenses","Restaurants",,£7.35,£0.00,C,-£262.82
"Amex",,,22/09/2016,"tesco","Everyday Expenses:Groceries","Everyday Expenses","Groceries",,£3.00,£0.00,C,-£265.82
"Amex",,,22/09/2016,"amazon","Everyday Expenses:Spending Money","Everyday Expenses","Spending Money",,£12.98,£0.00,C,-£278.80
"Amex",,,23/09/2016,"tesco","Everyday Expenses:Fuel","Everyday Expenses","Fuel",,£50.00,£0.00,C,-£328.80
"Amex",,,24/09/2016,"Uber","Everyday Expenses:Spending Money","Everyday Expenses","Spending Money",,£23.67,£0.00,C,-£352.47
"Amex",,,25/09/2016,"tesco","Everyday Expenses:Groceries","Everyday Expenses","Groceries",,£5.30,£0.00,C,-£357.77
"Amex",,,27/09/2016,"amazon","Everyday Expenses:Spending Money","Everyday Expenses","Spending Money",,£4.99,£0.00,C,-£362.76
"Amex",,,28/09/2016,"Spotify","Monthly Bills:Spotify","Monthly Bills","Spotify",,£9.99,£0.00,C,-£372.75
"Amex",,,29/09/2016,"Playstation Store","Everyday Expenses:Spending Money","Everyday Expenses","Spending Money",,£2.49,£0.00,C,-£375.24
"Amex",,,01/10/2016,"Uber","Everyday Expenses:Spending Money","Everyday Expenses","Spending Money",,£13.52,£0.00,C,-£388.76
"Amex",,,01/10/2016,"Just Eat","Everyday Expenses:Restaurants","Everyday Expenses","Restaurants",,£21.80,£0.00,C,-£410.56
"Amex",,,02/10/2016,"tesco","Everyday Expenses:Groceries","Everyday Expenses","Groceries",,£3.05,£0.00,C,-£413.61
"Amex",,,02/10/2016,"tesco","Everyday Expenses:Spending Money","Everyday Expenses","Spending Money",,£13.00,£0.00,C,-£426.61
"Amex",,,05/10/2016,"tesco","Everyday Expenses:Groceries","Everyday Expenses","Groceries",,£11.65,£0.00,C,-£438.26
"Amex",,,06/10/2016,"Transfer : Current Account",,,,,£0.00,£362.76,C,-£75.50
"Amex",,,07/10/2016,"Five Guys","Everyday Expenses:Restaurants","Everyday Expenses","Restaurants",,£14.65,£0.00,C,-£90.15
"Amex",,,08/10/2016,"tesco","Everyday Expenses:Groceries","Everyday Expenses","Groceries",,£4.15,£0.00,C,-£94.30
"Amex",,,09/10/2016,"pub","Everyday Expenses:Spending Money","Everyday Expenses","Spending Money",,£9.29,£0.00,C,-£103.59
"Amex",,,14/10/2016,"tesco","Everyday Expenses:Groceries","Everyday Expenses","Groceries",,£5.30,£0.00,C,-£108.89
"Amex",,,15/10/2016,"tesco","Rainy Day Funds:Birthdays","Rainy Day Funds","Birthdays",,£6.00,£0.00,C,-£114.89
"Amex",,,16/10/2016,"Sainsbury's","Everyday Expenses:Groceries","Everyday Expenses","Groceries",,£3.50,£0.00,C,-£118.39
"Amex",,,21/10/2016,"Asda","Everyday Expenses:Groceries","Everyday Expenses","Groceries",,£15.79,£0.00,C,-£134.18
"Amex",,,24/10/2016,"pub","Everyday Expenses:Spending Money","Everyday Expenses","Spending Money",,£15.00,£0.00,C,-£149.18
"Amex",,,24/10/2016,"Just Eat","Everyday Expenses:Restaurants","Everyday Expenses","Restaurants",,£20.49,£0.00,C,-£169.67
"Amex",,,24/10/2016,"Uber","Everyday Expenses:Spending Money","Everyday Expenses","Spending Money",,£25.90,£0.00,C,-£195.57
"Amex",,,27/10/2016,"Asda","Everyday Expenses:Fuel","Everyday Expenses","Fuel",,£50.00,£0.00,C,-£245.57
"Amex",,,28/10/2016,"Spotify","Monthly Bills:Spotify","Monthly Bills","Spotify",,£9.99,£0.00,C,-£255.56
"Amex",,,30/10/2016,"pub","Everyday Expenses:Spending Money","Everyday Expenses","Spending Money",,£14.10,£0.00,C,-£269.66
"Amex",,,30/10/2016,"Uber","Everyday Expenses:Spending Money","Everyday Expenses","Spending Money",,£15.22,£0.00,C,-£284.88
"Amex",,,30/10/2016,"pub","Everyday Expenses:Spending Money","Everyday Expenses","Spending Money",,£16.95,£0.00,C,-£301.83
"Amex",,,30/10/2016,"Just Eat","Everyday Expenses:Restaurants","Everyday Expenses","Restaurants",,£18.95,£0.00,C,-£320.78
"Amex",,,31/10/2016,"Cineworld","Everyday Expenses:Spending Money","Everyday Expenses","Spending Money",,£1.00,£0.00,C,-£321.78
"Amex",,,02/11/2016,"tesco","Everyday Expenses:Groceries","Everyday Expenses","Groceries",,£57.28,£0.00,C,-£379.06
"Amex",,,04/11/2016,"pub","Everyday Expenses:Restaurants","Everyday Expenses","Restaurants",,£4.50,£0.00,C,-£383.56
"Amex",,,04/11/2016,"pub","Everyday Expenses:Restaurants","Everyday Expenses","Restaurants",,£9.00,£0.00,C,-£392.56
"Amex",,,04/11/2016,"pub","Everyday Expenses:Restaurants","Everyday Expenses","Restaurants",,£9.00,£0.00,C,-£401.56
"Amex",,,04/11/2016,"pub","Everyday Expenses:Restaurants","Everyday Expenses","Restaurants",,£13.00,£0.00,C,-£414.56
"Amex",,,05/11/2016,"tesco","Everyday Expenses:Groceries","Everyday Expenses","Groceries",,£18.25,£0.00,C,-£432.81
"Amex",,,06/11/2016,"Sainsbury's","Everyday Expenses:Groceries","Everyday Expenses","Groceries",,£6.29,£0.00,C,-£439.10
"Amex",,,06/11/2016,"Sports Direct","Everyday Expenses:Clothing","Everyday Expenses","Clothing",,£13.00,£0.00,C,-£452.10
"Amex",,,06/11/2016,"Next","Everyday Expenses:Clothing","Everyday Expenses","Clothing",,£44.05,£0.00,C,-£496.15
"Amex",,,08/11/2016,"Transfer : Current Account",,,,,£0.00,£245.57,C,-£250.58
"Amex",,,08/11/2016,"amazon","Rainy Day Funds:Emergency Fund","Rainy Day Funds","Emergency Fund",,£4.81,£0.00,C,-£255.39
"Amex",,,08/11/2016,"tesco","Everyday Expenses:Groceries","Everyday Expenses","Groceries",,£14.69,£0.00,C,-£270.08
"Amex",,,09/11/2016,"Warner Bros","Rainy Day Funds:Birthdays","Rainy Day Funds","Birthdays",,£83.90,£0.00,C,-£353.98
"Amex",,,12/11/2016,"Sainsbury's","Everyday Expenses:Groceries","Everyday Expenses","Groceries",,£2.10,£0.00,C,-£356.08
"Amex",,,12/11/2016,"Sainsbury's","Everyday Expenses:Groceries","Everyday Expenses","Groceries",,£4.00,£0.00,C,-£360.08
"Amex",,,12/11/2016,"Superdrug","Everyday Expenses:Groceries","Everyday Expenses","Groceries",,£4.19,£0.00,C,-£364.27
"Amex",,,12/11/2016,"Uber","Everyday Expenses:Spending Money","Everyday Expenses","Spending Money",,£6.74,£0.00,C,-£371.01
"Amex",,,13/11/2016,"tesco","Everyday Expenses:Groceries","Everyday Expenses","Groceries",,£24.50,£0.00,C,-£395.51
"Amex",,,14/11/2016,"Waitrose","Everyday Expenses:Spending Money","Everyday Expenses","Spending Money",,£0.70,£0.00,C,-£396.21
"Amex",,,16/11/2016,"tesco","Everyday Expenses:Groceries","Everyday Expenses","Groceries",,£11.59,£0.00,C,-£407.80
"Amex",,,18/11/2016,"Waitrose","Rainy Day Funds:Birthdays","Rainy Day Funds","Birthdays",,£3.50,£0.00,C,-£411.30
"Amex",,,19/11/2016,"Sainsbury's","Everyday Expenses:Groceries","Everyday Expenses","Groceries",,£7.75,£0.00,C,-£419.05
"Amex",,,19/11/2016,"pub","Everyday Expenses:Spending Money","Everyday Expenses","Spending Money",,£18.45,£0.00,C,-£437.50
"Amex",,,20/11/2016,"Uber","Everyday Expenses:Spending Money","Everyday Expenses","Spending Money",,£63.72,£0.00,C,-£501.22
"Amex",,,21/11/2016,"tesco","Everyday Expenses:Groceries","Everyday Expenses","Groceries",,£6.52,£0.00,C,-£507.74
"Amex",,,28/11/2016,"Spotify","Monthly Bills:Spotify","Monthly Bills","Spotify",,£9.99,£0.00,C,-£517.73
"Amex",,,28/11/2016,"amazon","Rainy Day Funds:Emergency Fund","Rainy Day Funds","Emergency Fund",,£30.99,£0.00,C,-£548.72
"Amex",,,30/11/2016,"Just Eat","Everyday Expenses:Restaurants","Everyday Expenses","Restaurants",,£25.90,£0.00,C,-£574.62
"Amex",,,07/12/2016,"Transfer : Current Account",,,,,£0.00,£538.73,C,-£35.89
"Amex",,,08/12/2016,"amazon","Rainy Day Funds:Christmas","Rainy Day Funds","Christmas",,£7.99,£0.00,C,-£43.88
"Amex",,,08/12/2016,"amazon","Rainy Day Funds:Christmas","Rainy Day Funds","Christmas",,£14.99,£0.00,C,-£58.87
"Amex",,,08/12/2016,"Just Eat","Everyday Expenses:Restaurants","Everyday Expenses","Restaurants",,£16.60,£0.00,C,-£75.47
"Amex",,,08/12/2016,"amazon","Rainy Day Funds:Christmas","Rainy Day Funds","Christmas",,£19.00,£0.00,C,-£94.47
"Amex",,,08/12/2016,"amazon","Rainy Day Funds:Christmas","Rainy Day Funds","Christmas",,£26.98,£0.00,C,-£121.45
"Amex",,,08/12/2016,"amazon","Rainy Day Funds:Christmas","Rainy Day Funds","Christmas",,£37.89,£0.00,C,-£159.34
"Amex",,,12/12/2016,"tesco","Everyday Expenses:Spending Money","Everyday Expenses","Spending Money",,£20.00,£0.00,C,-£179.34
"Amex",,,12/12/2016,"tesco","Everyday Expenses:Groceries","Everyday Expenses","Groceries",,£34.29,£0.00,C,-£213.63
"Amex",,,13/12/2016,"amazon","Everyday Expenses:Spending Money","Everyday Expenses","Spending Money",,£3.99,£0.00,C,-£217.62
"Amex",,,13/12/2016,"amazon","Rainy Day Funds:Christmas","Rainy Day Funds","Christmas",,£6.99,£0.00,C,-£224.61
"Amex",,,15/12/2016,"pub","Everyday Expenses:Spending Money","Everyday Expenses","Spending Money",,£4.45,£0.00,C,-£229.06
"Amex",,,15/12/2016,"amazon","Rainy Day Funds:Christmas","Rainy Day Funds","Christmas",,£39.97,£0.00,C,-£269.03
"Amex",,,16/12/2016,"Uber","Everyday Expenses:Spending Money","Everyday Expenses","Spending Money",,£8.43,£0.00,C,-£277.46
"Amex",,,16/12/2016,"Uber","Everyday Expenses:Spending Money","Everyday Expenses","Spending Money",,£8.98,£0.00,C,-£286.44
"Amex",,,16/12/2016,"Just Eat","Everyday Expenses:Restaurants","Everyday Expenses","Restaurants",,£21.51,£0.00,C,-£307.95
"Amex",,,16/12/2016,"amazon","Rainy Day Funds:Christmas","Rainy Day Funds","Christmas",,£26.82,£0.00,C,-£334.77
"Amex",,,19/12/2016,"Waitrose","Everyday Expenses:Spending Money","Everyday Expenses","Spending Money",,£2.16,£0.00,C,-£336.93
"Amex",,,19/12/2016,"amazon","Rainy Day Funds:Christmas","Rainy Day Funds","Christmas",,£13.79,£0.00,C,-£350.72
"Amex",,,19/12/2016,"amazon","Rainy Day Funds:Christmas","Rainy Day Funds","Christmas",,£47.50,£0.00,C,-£398.22
"Amex",,,21/12/2016,"tesco","Everyday Expenses:Fuel","Everyday Expenses","Fuel",,£50.00,£0.00,C,-£448.22
"Amex",,,23/12/2016,"tesco","Rainy Day Funds:Christmas","Rainy Day Funds","Christmas",,£35.00,£0.00,C,-£483.22
"Amex",,,24/12/2016,"Currys","Rainy Day Funds:Emergency Fund","Rainy Day Funds","Emergency Fund",,£624.00,£0.00,C,-£1107.22
"Amex",,,28/12/2016,"Spotify","Monthly Bills:Spotify","Monthly Bills","Spotify",,£9.99,£0.00,C,-£1117.21
"Amex",,,28/12/2016,"amazon","Rainy Day Funds:Christmas","Rainy Day Funds","Christmas",,£18.32,£0.00,C,-£1135.53
"Amex",,,29/12/2016,"tesco","Everyday Expenses:Groceries","Everyday Expenses","Groceries",,£8.25,£0.00,C,-£1143.78
"Amex",,,29/12/2016,"amazon","Rainy Day Funds:Christmas","Rainy Day Funds","Christmas",,£12.55,£0.00,C,-£1156.33
"Amex",,,31/12/2016,"tesco","Everyday Expenses:Spending Money","Everyday Expenses","Spending Money",,£51.02,£0.00,C,-£1207.35
"Amex",,,01/01/2017,"McDonald's","Everyday Expenses:Restaurants","Everyday Expenses","Restaurants",,£11.98,£0.00,C,-£1219.33
"Amex",,,02/01/2017,"amazon","Everyday Expenses:Spending Money","Everyday Expenses","Spending Money",,£4.99,£0.00,C,-£1224.32
"Amex",,,05/01/2017,"Transfer : Current Account",,,,,£0.00,£1107.22,C,-£117.10
"Amex",,,08/01/2017,"amazon","Everyday Expenses:Spending Money","Everyday Expenses","Spending Money",,£32.49,£0.00,C,-£149.59
"Amex",,,08/01/2017,"Next","Everyday Expenses:Clothing","Everyday Expenses","Clothing",,£105.05,£0.00,C,-£254.64
"Amex",,,10/01/2017,"tesco","Everyday Expenses:Groceries","Everyday Expenses","Groceries",,£22.45,£0.00,C,-£277.09
"Amex",,,13/01/2017,"tesco","Everyday Expenses:Groceries","Everyday Expenses","Groceries",,£18.40,£0.00,C,-£295.49
"Amex",,,13/01/2017,"tesco","Everyday Expenses:Fuel","Everyday Expenses","Fuel",,£50.00,£0.00,C,-£345.49
"Amex",,,14/01/2017,"tesco","Everyday Expenses:Spending Money","Everyday Expenses","Spending Money",,£13.26,£0.00,C,-£358.75
"Amex",,,15/01/2017,"McDonald's","Everyday Expenses:Restaurants","Everyday Expenses","Restaurants",,£9.58,£0.00,C,-£368.33
"Amex",,,18/01/2017,"Waitrose","Everyday Expenses:Spending Money","Everyday Expenses","Spending Money",,£1.90,£0.00,C,-£370.23
"Amex",,,18/01/2017,"tesco","Everyday Expenses:Spending Money","Everyday Expenses","Spending Money",,£19.30,£0.00,C,-£389.53
"Amex",,,21/01/2017,"tesco","Everyday Expenses:Groceries","Everyday Expenses","Groceries",,£14.01,£0.00,C,-£403.54
"Amex",,,24/01/2017,"Waitrose","Everyday Expenses:Spending Money","Everyday Expenses","Spending Money",,£2.50,£0.00,C,-£406.04
"Amex",,,25/01/2017,"tesco","Everyday Expenses:Groceries","Everyday Expenses","Groceries",,£10.55,£0.00,C,-£416.59
"Amex",,,28/01/2017,"Spotify","Monthly Bills:Spotify","Monthly Bills","Spotify",,£9.99,£0.00,C,-£426.58
"Amex",,,30/01/2017,"Amex","Rainy Day Funds:Amex Annual Fee","Rainy Day Funds","Amex Annual Fee",,£140.00,£0.00,C,-£566.58
"Amex",,,01/02/2017,"tesco","Everyday Expenses:Groceries","Everyday Expenses","Groceries",,£9.66,£0.00,C,-£576.24
"Amex",,,02/02/2017,"Waitrose","Everyday Expenses:Spending Money","Everyday Expenses","Spending Money",,£1.50,£0.00,C,-£577.74
"Amex",,,02/02/2017,"pub","Everyday Expenses:Spending Money","Everyday Expenses","Spending Money",,£5.35,£0.00,C,-£583.09
"Amex",,,02/02/2017,"pub","Everyday Expenses:Spending Money","Everyday Expenses","Spending Money",,£9.60,£0.00,C,-£592.69
"Amex",,,02/02/2017,"pub","Everyday Expenses:Spending Money","Everyday Expenses","Spending Money",,£10.44,£0.00,C,-£603.13
"Amex",,,03/02/2017,"Waitrose","Everyday Expenses:Spending Money","Everyday Expenses","Spending Money",,£2.69,£0.00,C,-£605.82
"Amex",,,03/02/2017,"Uber","Everyday Expenses:Spending Money","Everyday Expenses","Spending Money",,£5.00,£0.00,C,-£610.82
"Amex",,,03/02/2017,"Stuarts London","Everyday Expenses:Clothing","Everyday Expenses","Clothing",,£265.00,£0.00,C,-£875.82
"Amex",,,04/02/2017,"tesco","Everyday Expenses:Groceries","Everyday Expenses","Groceries",,£15.83,£0.00,C,-£891.65
"Amex",,,04/02/2017,"Uniclo","Everyday Expenses:Clothing","Everyday Expenses","Clothing",,£19.80,£0.00,C,-£911.45
"Amex",,,04/02/2017,"Gap","Everyday Expenses:Clothing","Everyday Expenses","Clothing",,£47.46,£0.00,C,-£958.91
"Amex",,,04/02/2017,"tesco","Everyday Expenses:Fuel","Everyday Expenses","Fuel",,£50.00,£0.00,C,-£1008.91
"Amex",,,04/02/2017,"Next","Everyday Expenses:Clothing","Everyday Expenses","Clothing",,£85.00,£0.00,C,-£1093.91
"Amex",,,05/02/2017,"Transfer : Current Account",,,,,£0.00,£556.59,C,-£537.32
"Amex",,,05/02/2017,"tesco","Everyday Expenses:Groceries","Everyday Expenses","Groceries",,£20.80,£0.00,C,-£558.12
"Amex",,,07/02/2017,"amazon","Everyday Expenses:Spending Money","Everyday Expenses","Spending Money",,£4.99,£0.00,C,-£563.11
"Amex",,,07/02/2017,"amazon","Everyday Expenses:Spending Money","Everyday Expenses","Spending Money",,£40.31,£0.00,C,-£603.42
"Amex",,,10/02/2017,"Sainsbury's","Everyday Expenses:Groceries","Everyday Expenses","Groceries",,£4.95,£0.00,C,-£608.37
"Amex",,,11/02/2017,"tesco","Everyday Expenses:Groceries","Everyday Expenses","Groceries",,£18.85,£0.00,C,-£627.22
"Amex",,,12/02/2017,"tesco","Everyday Expenses:Groceries","Everyday Expenses","Groceries",,£14.79,£0.00,C,-£642.01
"Amex",,,16/02/2017,"Waitrose","Everyday Expenses:Spending Money","Everyday Expenses","Spending Money",,£2.69,£0.00,C,-£644.70
"Amex",,,17/02/2017,"amazon","Everyday Expenses:Spending Money","Everyday Expenses","Spending Money",,£16.50,£0.00,C,-£661.20
"Amex",,,19/02/2017,"tesco","Everyday Expenses:Groceries","Everyday Expenses","Groceries",,£31.88,£0.00,C,-£693.08
"Amex",,,22/02/2017,"tesco","Rainy Day Funds:Birthdays","Rainy Day Funds","Birthdays",,£2.00,£0.00,C,-£695.08
"Amex",,,24/02/2017,"pub","Everyday Expenses:Restaurants","Everyday Expenses","Restaurants",,£15.35,£0.00,C,-£710.43
"Amex",,,25/02/2017,"Sainsbury's","Everyday Expenses:Groceries","Everyday Expenses","Groceries",,£6.80,£0.00,C,-£717.23
"Amex",,,28/02/2017,"Spotify","Monthly Bills:Spotify","Monthly Bills","Spotify",,£9.99,£0.00,C,-£727.22
"Amex",,,28/02/2017,"Restaurant","Everyday Expenses:Restaurants","Everyday Expenses","Restaurants",,£23.25,£0.00,C,-£750.47
"Amex",,,01/03/2017,"Waitrose","Everyday Expenses:Spending Money","Everyday Expenses","Spending Money",,£0.90,£0.00,C,-£751.37
"Amex",,,01/03/2017,"Uber","Everyday Expenses:Spending Money","Everyday Expenses","Spending Money",,£7.54,£0.00,C,-£758.91
"Amex",,,03/03/2017,"Waitrose","Everyday Expenses:Spending Money","Everyday Expenses","Spending Money",,£2.69,£0.00,C,-£761.60
"Amex",,,03/03/2017,"pub","Everyday Expenses:Restaurants","Everyday Expenses","Restaurants",,£9.40,£0.00,C,-£771.00
"Amex",,,03/03/2017,"pub","Everyday Expenses:Restaurants","Everyday Expenses","Restaurants",,£9.40,£0.00,C,-£780.40
"Amex",,,03/03/2017,"pub","Everyday Expenses:Restaurants","Everyday Expenses","Restaurants",,£9.40,£0.00,C,-£789.80
"Amex",,,04/03/2017,"Sainsbury's","Everyday Expenses:Groceries","Everyday Expenses","Groceries",,£7.05,£0.00,C,-£796.85
"Amex",,,04/03/2017,"McDonald's","Everyday Expenses:Restaurants","Everyday Expenses","Restaurants",,£10.48,£0.00,C,-£807.33
"Amex",,,06/03/2017,"tesco","Everyday Expenses:Groceries","Everyday Expenses","Groceries",,£12.50,£0.00,C,-£819.83
"Amex",,,06/03/2017,"tesco","Everyday Expenses:Fuel","Everyday Expenses","Fuel",,£49.78,£0.00,C,-£869.61
"Amex",,,08/03/2017,"Transfer : Current Account",,,,,£0.00,£717.23,C,-£152.38
"Amex",,,08/03/2017,"amazon","Everyday Expenses:Spending Money","Everyday Expenses","Spending Money",,£6.64,£0.00,C,-£159.02
"Amex",,,09/03/2017,"tesco","Everyday Expenses:Groceries","Everyday Expenses","Groceries",,£7.75,£0.00,C,-£166.77
"Amex",,,10/03/2017,"tesco","Everyday Expenses:Groceries","Everyday Expenses","Groceries",,£23.50,£0.00,C,-£190.27
"Amex",,,12/03/2017,"Sainsbury's","Everyday Expenses:Groceries","Everyday Expenses","Groceries",,£7.35,£0.00,C,-£197.62
"Amex",,,17/03/2017,"Sainsbury's","Everyday Expenses:Groceries","Everyday Expenses","Groceries",,£25.60,£0.00,C,-£223.22
"Amex",,,20/03/2017,"Waitrose","Everyday Expenses:Groceries","Everyday Expenses","Groceries",,£3.85,£0.00,C,-£227.07
"Amex",,,21/03/2017,"Waitrose","Everyday Expenses:Groceries","Everyday Expenses","Groceries",,£1.70,£0.00,C,-£228.77
"Amex",,,22/03/2017,"Waitrose","Everyday Expenses:Spending Money","Everyday Expenses","Spending Money",,£0.66,£0.00,C,-£229.43
"Amex",,,26/03/2017,"Vue","Rainy Day Funds:Birthdays","Rainy Day Funds","Birthdays",,£35.97,£0.00,C,-£265.40
"Amex",,,28/03/2017,"Spotify","Monthly Bills:Spotify","Monthly Bills","Spotify",,£9.99,£0.00,C,-£275.39
"Amex",,,28/03/2017,"tesco","Everyday Expenses:Groceries","Everyday Expenses","Groceries",,£14.34,£0.00,C,-£289.73
"Amex",,,01/04/2017,"Sports Direct","Everyday Expenses:Clothing","Everyday Expenses","Clothing",,£39.99,£0.00,C,-£329.72
"Amex",,,02/04/2017,"Sainsbury's","Everyday Expenses:Groceries","Everyday Expenses","Groceries",,£4.45,£0.00,C,-£334.17
"Amex",,,02/04/2017,"tesco","Everyday Expenses:Groceries","Everyday Expenses","Groceries",,£14.98,£0.00,C,-£349.15
"Amex",,,03/04/2017,"Holiday Extras","Savings Goals:Vacation","Savings Goals","Vacation",,£39.09,£0.00,C,-£388.24
"Amex",,,04/04/2017,"Myprotein","Everyday Expenses:Spending Money","Everyday Expenses","Spending Money",,£30.54,£0.00,C,-£418.78
"Amex",,,06/04/2017,"Transfer : Current Account",,,,,£0.00,£279.74,C,-£139.04
"Amex",,,06/04/2017,"Zizzis","Everyday Expenses:Restaurants","Everyday Expenses","Restaurants",,£42.05,£0.00,C,-£181.09
"Amex",,,07/04/2017,"tesco","Everyday Expenses:Groceries","Everyday Expenses","Groceries",,£18.71,£0.00,C,-£199.80
"Amex",,,08/04/2017,"Playstation Store","Everyday Expenses:Spending Money","Everyday Expenses","Spending Money",,£19.99,£0.00,C,-£219.79
"Amex",,,10/04/2017,"Waitrose","Everyday Expenses:Groceries","Everyday Expenses","Groceries",,£1.66,£0.00,C,-£221.45
"Amex",,,10/04/2017,"amazon","Everyday Expenses:Spending Money","Everyday Expenses","Spending Money",,£14.99,£0.00,C,-£236.44
"Amex",,,10/04/2017,"tesco","Everyday Expenses:Groceries","Everyday Expenses","Groceries",,£15.15,£0.00,C,-£251.59
"Amex",,,12/04/2017,"Waitrose","Everyday Expenses:Spending Money","Everyday Expenses","Spending Money",,£0.60,£0.00,C,-£252.19
"Amex",,,13/04/2017,"tesco","Everyday Expenses:Groceries","Everyday Expenses","Groceries",,£14.18,£0.00,C,-£266.37
"Amex",,,13/04/2017,"tesco","Everyday Expenses:Fuel","Everyday Expenses","Fuel",,£50.22,£0.00,C,-£316.59
"Amex",,,14/04/2017,"Mozio","Savings Goals:Vacation","Savings Goals","Vacation",,£12.48,£0.00,C,-£329.07
"Amex",,,15/04/2017,"tesco","Everyday Expenses:Spending Money","Everyday Expenses","Spending Money",,£18.55,£0.00,C,-£347.62
"Amex",,,17/04/2017,"Sainsbury's","Everyday Expenses:Groceries","Everyday Expenses","Groceries",,£0.85,£0.00,C,-£348.47
"Amex",,,18/04/2017,"tesco","Everyday Expenses:Groceries","Everyday Expenses","Groceries",,£3.00,£0.00,C,-£351.47
"Amex",,,19/04/2017,"tesco","Everyday Expenses:Groceries","Everyday Expenses","Groceries",,£9.00,£0.00,C,-£360.47
"Amex",,,20/04/2017,"W H Smith","Everyday Expenses:Spending Money","Everyday Expenses","Spending Money",,£15.97,£0.00,C,-£376.44
"Amex",,,26/04/2017,"tesco","Everyday Expenses:Groceries","Everyday Expenses","Groceries",,£4.40,£0.00,C,-£380.84
"Amex",,,28/04/2017,"pub","Everyday Expenses:Restaurants","Everyday Expenses","Restaurants",,£9.40,£0.00,C,-£390.24
"Amex",,,28/04/2017,"Spotify","Monthly Bills:Spotify","Monthly Bills","Spotify",,£9.99,£0.00,C,-£400.23
"Amex",,,28/04/2017,"tesco","Everyday Expenses:Groceries","Everyday Expenses","Groceries",,£21.11,£0.00,C,-£421.34
"Amex",,,29/04/2017,"pub","Everyday Expenses:Restaurants","Everyday Expenses","Restaurants",,£19.10,£0.00,C,-£440.44
"Amex",,,02/05/2017,"tesco","Everyday Expenses:Groceries","Everyday Expenses","Groceries",,£0.60,£0.00,C,-£441.04
"Amex",,,02/05/2017,"Waitrose","Everyday Expenses:Groceries","Everyday Expenses","Groceries",,£0.99,£0.00,C,-£442.03
"Amex",,,03/05/2017,"tesco","Everyday Expenses:Groceries","Everyday Expenses","Groceries",,£6.95,£0.00,C,-£448.98
"Amex",,,05/05/2017,"McDonald's","Everyday Expenses:Restaurants","Everyday Expenses","Restaurants",,£5.89,£0.00,C,-£454.87
"Amex",,,06/05/2017,"Dip & Flip","Everyday Expenses:Restaurants","Everyday Expenses","Restaurants",,£36.40,£0.00,C,-£491.27
"Amex",,,07/05/2017,"Sainsbury's","Everyday Expenses:Groceries","Everyday Expenses","Groceries",,£5.90,£0.00,C,-£497.17
"Amex",,,07/05/2017,"Sainsbury's","Everyday Expenses:Groceries","Everyday Expenses","Groceries",,£6.30,£0.00,C,-£503.47
"Amex",,,09/05/2017,"Transfer : Current Account",,,,,£0.00,£380.84,C,-£122.63
"Amex",,,09/05/2017,"Waitrose","Everyday Expenses:Groceries","Everyday Expenses","Groceries",,£0.89,£0.00,C,-£123.52
"Amex",,,10/05/2017,"Sainsbury's","Everyday Expenses:Groceries","Everyday Expenses","Groceries",,£5.80,£0.00,C,-£129.32
"Amex",,,11/05/2017,"Sainsbury's","Everyday Expenses:Groceries","Everyday Expenses","Groceries",,£3.45,£0.00,C,-£132.77
"Amex",,,12/05/2017,"Waitrose","Everyday Expenses:Groceries","Everyday Expenses","Groceries",,£1.70,£0.00,C,-£134.47
"Amex",,,12/05/2017,"tesco","Everyday Expenses:Groceries","Everyday Expenses","Groceries",,£16.94,£0.00,C,-£151.41
"Amex",,,12/05/2017,"Just Eat","Everyday Expenses:Restaurants","Everyday Expenses","Restaurants",,£25.45,£0.00,C,-£176.86
"Amex",,,12/05/2017,"tesco","Everyday Expenses:Fuel","Everyday Expenses","Fuel",,£50.00,£0.00,C,-£226.86
"Amex",,,12/05/2017,"Sports Direct","Rainy Day Funds:Birthdays","Rainy Day Funds","Birthdays",,£116.98,£0.00,C,-£343.84
"Amex",,,13/05/2017,"tesco","Everyday Expenses:Groceries","Everyday Expenses","Groceries",,£51.30,£0.00,C,-£395.14
"Amex",,,14/05/2017,"tesco","Everyday Expenses:Spending Money","Everyday Expenses","Spending Money",,£16.50,£0.00,C,-£411.64
"Amex",,,15/05/2017,"amazon","Everyday Expenses:Spending Money","Everyday Expenses","Spending Money",,£4.99,£0.00,C,-£416.63
"Amex",,,16/05/2017,"tesco","Everyday Expenses:Groceries","Everyday Expenses","Groceries",,£6.00,£0.00,C,-£422.63
"Amex",,,17/05/2017,"tesco","Everyday Expenses:Groceries","Everyday Expenses","Groceries",,£4.03,£0.00,C,-£426.66
"Amex",,,18/05/2017,"tesco","Everyday Expenses:Groceries","Everyday Expenses","Groceries",,£8.44,£0.00,C,-£435.10
"Amex",,,20/05/2017,"tesco","Everyday Expenses:Groceries","Everyday Expenses","Groceries",,£14.12,£0.00,C,-£449.22
"Amex",,,22/05/2017,"tesco","Everyday Expenses:Groceries","Everyday Expenses","Groceries",,£12.79,£0.00,C,-£462.01
"Amex",,,24/05/2017,"tesco","Everyday Expenses:Groceries","Everyday Expenses","Groceries",,£17.29,£0.00,C,-£479.30
"Amex",,,25/05/2017,"pub","Everyday Expenses:Restaurants","Everyday Expenses","Restaurants",,£5.55,£0.00,C,-£484.85
"Amex",,,26/05/2017,"pub","Everyday Expenses:Restaurants","Everyday Expenses","Restaurants",,£4.70,£0.00,C,-£489.55
"Amex",,,26/05/2017,"pub","Everyday Expenses:Restaurants","Everyday Expenses","Restaurants",,£9.40,£0.00,C,-£498.95
"Amex",,,26/05/2017,"pub","Everyday Expenses:Restaurants","Everyday Expenses","Restaurants",,£10.10,£0.00,C,-£509.05
"Amex",,,26/05/2017,"pub","Everyday Expenses:Restaurants","Everyday Expenses","Restaurants",,£14.70,£0.00,C,-£523.75
"Amex",,,27/05/2017,"Sainsbury's","Everyday Expenses:Spending Money","Everyday Expenses","Spending Money",,£4.60,£0.00,C,-£528.35
"Amex",,,28/05/2017,"pub","Everyday Expenses:Restaurants","Everyday Expenses","Restaurants",,£9.40,£0.00,C,-£537.75
"Amex",,,28/05/2017,"Spotify","Monthly Bills:Spotify","Monthly Bills","Spotify",,£9.99,£0.00,C,-£547.74
"Amex",,,28/05/2017,"Sainsbury's","Everyday Expenses:Spending Money","Everyday Expenses","Spending Money",,£11.00,£0.00,C,-£558.74
"Amex",,,30/05/2017,"Waitrose","Everyday Expenses:Spending Money","Everyday Expenses","Spending Money",,£2.68,£0.00,C,-£561.42
"Amex",,,31/05/2017,"Holiday Extras","Savings Goals:Vacation","Savings Goals","Vacation",,£45.04,£0.00,C,-£606.46
"Amex",,,31/05/2017,"ryanair","Savings Goals:Vacation","Savings Goals","Vacation",,£275.03,£0.00,C,-£881.49
"Amex",,,01/06/2017,"tesco","Everyday Expenses:Groceries","Everyday Expenses","Groceries",,£4.99,£0.00,C,-£886.48
"Amex",,,02/06/2017,"tesco","Everyday Expenses:Spending Money","Everyday Expenses","Spending Money",,£14.00,£0.00,C,-£900.48
"Amex",,,03/06/2017,"Sainsbury's","Everyday Expenses:Groceries","Everyday Expenses","Groceries",,£3.00,£0.00,C,-£903.48
"Amex",,,03/06/2017,"Uber","Everyday Expenses:Spending Money","Everyday Expenses","Spending Money",,£10.16,£0.00,C,-£913.64
"Amex",,,03/06/2017,"Argos","Everyday Expenses:Spending Money","Everyday Expenses","Spending Money",,£21.99,£0.00,C,-£935.63
"Amex",,,04/06/2017,"Sainsbury's","Everyday Expenses:Groceries","Everyday Expenses","Groceries",,£3.20,£0.00,C,-£938.83
"Amex",,,04/06/2017,"pub","Everyday Expenses:Restaurants","Everyday Expenses","Restaurants",,£10.20,£0.00,C,-£949.03
"Amex",,,06/06/2017,"Transfer : Current Account",,,,,£0.00,£539.35,C,-£409.68
"Amex",,,06/06/2017,"Holiday Extras","Savings Goals:Vacation","Savings Goals","Vacation",,£51.09,£0.00,C,-£460.77
"Amex",,,06/06/2017,"ryanair","Savings Goals:Vacation","Savings Goals","Vacation",,£276.38,£0.00,C,-£737.15
"Amex",,,08/06/2017,"Waitrose","Everyday Expenses:Spending Money","Everyday Expenses","Spending Money",,£1.60,£0.00,C,-£738.75
"Amex",,,09/06/2017,"Tfl","Everyday Expenses:Spending Money","Everyday Expenses","Spending Money",,£10.00,£0.00,C,-£748.75
"Amex",,,09/06/2017,"Sainsbury's","Everyday Expenses:Groceries","Everyday Expenses","Groceries",,£11.80,£0.00,C,-£760.55
"Amex",,,10/06/2017,"Uber","Everyday Expenses:Spending Money","Everyday Expenses","Spending Money",,£14.79,£0.00,C,-£775.34
"Amex",,,10/06/2017,"tesco","Everyday Expenses:Groceries","Everyday Expenses","Groceries",,£20.46,£0.00,C,-£795.80
"Amex",,,12/06/2017,"amazon","Everyday Expenses:Spending Money","Everyday Expenses","Spending Money",,£5.99,£0.00,C,-£801.79
"Amex",,,12/06/2017,"tesco","Everyday Expenses:Groceries","Everyday Expenses","Groceries",,£18.93,£0.00,C,-£820.72
"Amex",,,12/06/2017,"asos","Everyday Expenses:Clothing","Everyday Expenses","Clothing",,£58.00,£0.00,C,-£878.72
"Amex",,,12/06/2017,"JD Sports","Everyday Expenses:Clothing","Everyday Expenses","Clothing",,£70.00,£0.00,C,-£948.72
"Amex",,,13/06/2017,"amazon","Everyday Expenses:Spending Money","Everyday Expenses","Spending Money",,£4.55,£0.00,C,-£953.27
"Amex",,,13/06/2017,"Shell","Everyday Expenses:Fuel","Everyday Expenses","Fuel",,£50.00,£0.00,C,-£1003.27
"Amex",,,14/06/2017,"tesco","Everyday Expenses:Groceries","Everyday Expenses","Groceries",,£9.19,£0.00,C,-£1012.46
"Amex",,,14/06/2017,"amazon","Everyday Expenses:Spending Money","Everyday Expenses","Spending Money",,£48.99,£0.00,C,-£1061.45
"Amex",,,15/06/2017,"Prezzo","Everyday Expenses:Restaurants","Everyday Expenses","Restaurants",,£35.00,£0.00,C,-£1096.45
"Amex",,,16/06/2017,"tesco","Everyday Expenses:Groceries","Everyday Expenses","Groceries",,£4.00,£0.00,C,-£1100.45
"Amex",,,17/06/2017,"Uber","Everyday Expenses:Spending Money","Everyday Expenses","Spending Money",,£18.79,£0.00,C,-£1119.24
"Amex",,,21/06/2017,"Waitrose","Everyday Expenses:Spending Money","Everyday Expenses","Spending Money",,£1.00,£0.00,C,-£1120.24
"Amex",,,22/06/2017,"amazon","Everyday Expenses:Spending Money","Everyday Expenses","Spending Money",,£4.99,£0.00,C,-£1125.23
"Amex",,,24/06/2017,"McDonald's","Everyday Expenses:Restaurants","Everyday Expenses","Restaurants",,£9.88,£0.00,C,-£1135.11
"Amex",,,24/06/2017,"tesco","Everyday Expenses:Groceries","Everyday Expenses","Groceries",,£12.16,£0.00,C,-£1147.27
"Amex",,,25/06/2017,"Sainsbury's","Everyday Expenses:Groceries","Everyday Expenses","Groceries",,£2.65,£0.00,C,-£1149.92
"Amex",,,27/06/2017,"tesco","Everyday Expenses:Groceries","Everyday Expenses","Groceries",,£12.19,£0.00,C,-£1162.11
"Amex",,,28/06/2017,"Spotify","Monthly Bills:Spotify","Monthly Bills","Spotify",,£9.99,£0.00,C,-£1172.10
"Amex",,,30/06/2017,"tesco","Everyday Expenses:Spending Money","Everyday Expenses","Spending Money",,£10.00,£0.00,C,-£1182.10
"Amex",,,01/07/2017,"tesco","Everyday Expenses:Spending Money","Everyday Expenses","Spending Money",,£7.24,£0.00,C,-£1189.34
"Amex",,,01/07/2017,"Playstation Store","Everyday Expenses:Spending Money","Everyday Expenses","Spending Money",,£15.99,£0.00,C,-£1205.33
"Amex",,,04/07/2017,"tesco","Everyday Expenses:Groceries","Everyday Expenses","Groceries",,£9.00,£0.00,C,-£1214.33
"Amex",,,05/07/2017,"Waitrose","Everyday Expenses:Spending Money","Everyday Expenses","Spending Money",,£1.75,£0.00,C,-£1216.08
"Amex",,,05/07/2017,"Sainsbury's","Everyday Expenses:Groceries","Everyday Expenses","Groceries",,£4.29,£0.00,C,-£1220.37
"Amex",,,07/07/2017,"Transfer : Current Account",,,,,£0.00,£1162.11,C,-£58.26
"Amex",,,08/07/2017,"Harry Ramsden","Everyday Expenses:Restaurants","Everyday Expenses","Restaurants",,£4.99,£0.00,C,-£63.25
"Amex",,,11/07/2017,"Waitrose","Everyday Expenses:Spending Money","Everyday Expenses","Spending Money",,£6.19,£0.00,C,-£69.44
"Amex",,,11/07/2017,"tesco","Everyday Expenses:Groceries","Everyday Expenses","Groceries",,£7.71,£0.00,C,-£77.15
"Amex",,,11/07/2017,"Myprotein","Everyday Expenses:Spending Money","Everyday Expenses","Spending Money",,£30.73,£0.00,C,-£107.88
"Amex",,,11/07/2017,"tesco","Everyday Expenses:Fuel","Everyday Expenses","Fuel",,£49.42,£0.00,C,-£157.30
"Amex",,,13/07/2017,"Waitrose","Everyday Expenses:Spending Money","Everyday Expenses","Spending Money",,£1.70,£0.00,C,-£159.00
"Amex",,,15/07/2017,"Sainsbury's","Everyday Expenses:Groceries","Everyday Expenses","Groceries",,£5.19,£0.00,C,-£164.19
"Amex",,,15/07/2017,"McDonald's","Everyday Expenses:Restaurants","Everyday Expenses","Restaurants",,£6.19,£0.00,C,-£170.38
"Amex",,,15/07/2017,"tesco","Everyday Expenses:Groceries","Everyday Expenses","Groceries",,£18.34,£0.00,C,-£188.72
"Amex",,,15/07/2017,"Charles Tyrwhitt","Everyday Expenses:Clothing","Everyday Expenses","Clothing",,£94.76,£0.00,C,-£283.48
"Amex",,,16/07/2017,"tesco","Everyday Expenses:Spending Money","Everyday Expenses","Spending Money",,£20.20,£0.00,C,-£303.68
"Amex",,,16/07/2017,"Charles Tyrwhitt","Everyday Expenses:Clothing","Everyday Expenses","Clothing",,£351.00,£0.00,C,-£654.68
"Amex",,,19/07/2017,"Waitrose","Everyday Expenses:Spending Money","Everyday Expenses","Spending Money",,£1.70,£0.00,C,-£656.38
"Amex",,,19/07/2017,"tesco","Everyday Expenses:Groceries","Everyday Expenses","Groceries",,£8.35,£0.00,C,-£664.73
"Amex",,,21/07/2017,"Waitrose","Everyday Expenses:Spending Money","Everyday Expenses","Spending Money",,£0.69,£0.00,C,-£665.42
"Amex",,,21/07/2017,"Sainsbury's","Everyday Expenses:Groceries","Everyday Expenses","Groceries",,£4.60,£0.00,C,-£670.02
"Amex",,,22/07/2017,"tesco","Everyday Expenses:Groceries","Everyday Expenses","Groceries",,£0.89,£0.00,C,-£670.91
"Amex",,,22/07/2017,"Tfl","Everyday Expenses:Spending Money","Everyday Expenses","Spending Money",,£6.20,£0.00,C,-£677.11
"Amex",,,22/07/2017,"Charles Tyrwhitt","Everyday Expenses:Clothing","Everyday Expenses","Clothing",,£39.00,£0.00,C,-£716.11
"Amex",,,23/07/2017,"tesco","Everyday Expenses:Groceries","Everyday Expenses","Groceries",,£11.04,£0.00,C,-£727.15
"Amex",,,25/07/2017,"Sainsbury's","Everyday Expenses:Groceries","Everyday Expenses","Groceries",,£1.00,£0.00,C,-£728.15
"Amex",,,26/07/2017,"tesco","Everyday Expenses:Groceries","Everyday Expenses","Groceries",,£12.10,£0.00,C,-£740.25
"Amex",,,26/07/2017,"amazon","Everyday Expenses:Spending Money","Everyday Expenses","Spending Money",,£29.99,£0.00,C,-£770.24
"Amex",,,27/07/2017,"Waitrose","Everyday Expenses:Groceries","Everyday Expenses","Groceries",,£1.26,£0.00,C,-£771.50
"Amex",,,28/07/2017,"Spotify","Monthly Bills:Spotify","Monthly Bills","Spotify",,£9.99,£0.00,C,-£781.49
"Amex",,,29/07/2017,"Tfl","Everyday Expenses:Spending Money","Everyday Expenses","Spending Money",,£3.00,£0.00,C,-£784.49
"Amex",,,29/07/2017,"Wagamama","Everyday Expenses:Restaurants","Everyday Expenses","Restaurants",,£38.40,£0.00,C,-£822.89
"Amex",,,30/07/2017,"tesco","Everyday Expenses:Groceries","Everyday Expenses","Groceries",,£6.61,£0.00,C,-£829.50
"Amex",,,30/07/2017,"tesco","Everyday Expenses:Groceries","Everyday Expenses","Groceries",,£8.74,£0.00,C,-£838.24
"Amex",,,31/07/2017,"Waitrose","Everyday Expenses:Groceries","Everyday Expenses","Groceries",,£1.70,£0.00,C,-£839.94
"Amex",,,01/08/2017,"German Doner Kebab","Everyday Expenses:Restaurants","Everyday Expenses","Restaurants",,£5.99,£0.00,C,-£845.93
"Amex",,,01/08/2017,"amazon","Everyday Expenses:Spending Money","Everyday Expenses","Spending Money",,£6.99,£0.00,C,-£852.92
"Amex",,,01/08/2017,"tesco","Everyday Expenses:Groceries","Everyday Expenses","Groceries",,£11.94,£0.00,C,-£864.86
"Amex",,,02/08/2017,"Waitrose","Everyday Expenses:Groceries","Everyday Expenses","Groceries",,£2.19,£0.00,C,-£867.05
"Amex",,,03/08/2017,"tesco","Everyday Expenses:Groceries","Everyday Expenses","Groceries",,£11.67,£0.00,C,-£878.72
"Amex",,,03/08/2017,"tesco","Everyday Expenses:Fuel","Everyday Expenses","Fuel",,£37.35,£0.00,C,-£916.07
"Amex",,,04/08/2017,"Uber","Everyday Expenses:Spending Money","Everyday Expenses","Spending Money",,£8.65,£0.00,C,-£924.72
"Amex",,,04/08/2017,"pub","Everyday Expenses:Restaurants","Everyday Expenses","Restaurants",,£9.85,£0.00,C,-£934.57
"Amex",,,07/08/2017,"Transfer : Current Account",,,,,£0.00,£771.50,C,-£163.07
"Amex",,,07/08/2017,"Uber","Everyday Expenses:Spending Money","Everyday Expenses","Spending Money",,£9.11,£0.00,C,-£172.18
"Amex",,,08/08/2017,"Tfl","Everyday Expenses:Spending Money","Everyday Expenses","Spending Money",,£1.50,£0.00,C,-£173.68
"Amex",,,08/08/2017,"Sainsbury's","Everyday Expenses:Groceries","Everyday Expenses","Groceries",,£5.65,£0.00,C,-£179.33
"Amex",,,08/08/2017,"Franco Manca","Everyday Expenses:Restaurants","Everyday Expenses","Restaurants",,£7.00,£0.00,C,-£186.33
"Amex",,,09/08/2017,"tesco","Everyday Expenses:Groceries","Everyday Expenses","Groceries",,£10.18,£0.00,C,-£196.51
"Amex",,,12/08/2017,"Tfl","Everyday Expenses:Spending Money","Everyday Expenses","Spending Money",,£3.10,£0.00,C,-£199.61
"Amex",,,12/08/2017,"tesco","Everyday Expenses:Groceries","Everyday Expenses","Groceries",,£10.99,£0.00,C,-£210.60
"Amex",,,13/08/2017,"Sainsbury's","Everyday Expenses:Groceries","Everyday Expenses","Groceries",,£8.15,£0.00,C,-£218.75
"Amex",,,14/08/2017,"Hungry House","Everyday Expenses:Restaurants","Everyday Expenses","Restaurants",,£22.50,£0.00,C,-£241.25
"Amex",,,15/08/2017,"Waitrose","Everyday Expenses:Groceries","Everyday Expenses","Groceries",,£0.85,£0.00,C,-£242.10
"Amex",,,15/08/2017,"tesco","Everyday Expenses:Groceries","Everyday Expenses","Groceries",,£5.79,£0.00,C,-£247.89
"Amex",,,16/08/2017,"Sports Direct","Rainy Day Funds:Birthdays","Rainy Day Funds","Birthdays",,£46.98,£0.00,C,-£294.87
"Amex",,,17/08/2017,"Waitrose","Everyday Expenses:Groceries","Everyday Expenses","Groceries",,£0.50,£0.00,C,-£295.37
"Amex",,,17/08/2017,"Waitrose","Everyday Expenses:Groceries","Everyday Expenses","Groceries",,£4.00,£0.00,C,-£299.37
"Amex",,,17/08/2017,"tesco","Everyday Expenses:Groceries","Everyday Expenses","Groceries",,£9.60,£0.00,C,-£308.97
"Amex",,,18/08/2017,"Sainsbury's","Rainy Day Funds:Birthdays","Rainy Day Funds","Birthdays",,£25.00,£0.00,C,-£333.97
"Amex",,,18/08/2017,"amazon","Savings Goals:Vacation","Savings Goals","Vacation",,£32.89,£0.00,C,-£366.86
"Amex",,,19/08/2017,"Tfl","Everyday Expenses:Spending Money","Everyday Expenses","Spending Money",,£3.10,£0.00,C,-£369.96
"Amex",,,20/08/2017,"tesco","Everyday Expenses:Groceries","Everyday Expenses","Groceries",,£10.46,£0.00,C,-£380.42
"Amex",,,20/08/2017,"Uber","Everyday Expenses:Spending Money","Everyday Expenses","Spending Money",,£30.17,£0.00,C,-£410.59
"Amex",,,21/08/2017,"tesco","Everyday Expenses:Groceries","Everyday Expenses","Groceries",,£3.20,£0.00,C,-£413.79
"Amex",,,22/08/2017,"Tfl","Everyday Expenses:Spending Money","Everyday Expenses","Spending Money",,£1.50,£0.00,C,-£415.29
"Amex",,,22/08/2017,"tesco","Everyday Expenses:Groceries","Everyday Expenses","Groceries",,£4.00,£0.00,C,-£419.29
"Amex",,,22/08/2017,"aer lingus","Rainy Day Funds:Emergency Fund","Rainy Day Funds","Emergency Fund",,£915.28,£0.00,C,-£1334.57
"Amex",,,23/08/2017,"tesco","Everyday Expenses:Groceries","Everyday Expenses","Groceries",,£6.55,£0.00,C,-£1341.12
"Amex",,,24/08/2017,"pub","Everyday Expenses:Restaurants","Everyday Expenses","Restaurants",,£16.65,£0.00,C,-£1357.77
"Amex",,,25/08/2017,"Tfl","Everyday Expenses:Spending Money","Everyday Expenses","Spending Money",,£1.50,£0.00,C,-£1359.27
"Amex",,,25/08/2017,"gear4music","Rainy Day Funds:Emergency Fund","Rainy Day Funds","Emergency Fund",,£272.32,£0.00,C,-£1631.59
"Amex",,,26/08/2017,"Sainsbury's","Everyday Expenses:Groceries","Everyday Expenses","Groceries",,£5.80,£0.00,C,-£1637.39
"Amex",,,27/08/2017,"Tfl","Everyday Expenses:Spending Money","Everyday Expenses","Spending Money",,£3.00,£0.00,C,-£1640.39
"Amex",,,28/08/2017,"H&M","Everyday Expenses:Clothing","Everyday Expenses","Clothing",,£8.99,£0.00,C,-£1649.38
"Amex",,,28/08/2017,"Spotify","Monthly Bills:Spotify","Monthly Bills","Spotify",,£9.99,£0.00,C,-£1659.37
"Amex",,,28/08/2017,"Next","Everyday Expenses:Clothing","Everyday Expenses","Clothing",,£26.05,£0.00,C,-£1685.42
"Amex",,,28/08/2017,"tesco","Everyday Expenses:Fuel","Everyday Expenses","Fuel",,£48.44,£0.00,C,-£1733.86
"Amex",,,30/08/2017,"River Island","Everyday Expenses:Clothing","Everyday Expenses","Clothing",,£28.05,£0.00,C,-£1761.91
"Amex",,,31/08/2017,"Uber","Everyday Expenses:Spending Money","Everyday Expenses","Spending Money",,£8.29,£0.00,C,-£1770.20
"Amex",,,31/08/2017,"pub","Everyday Expenses:Spending Money","Everyday Expenses","Spending Money",,£10.95,£0.00,C,-£1781.15
"Amex",,,01/09/2017,"Tfl","Everyday Expenses:Spending Money","Everyday Expenses","Spending Money",,£2.10,£0.00,C,-£1783.25
"Amex",,,02/09/2017,"Sainsbury's","Everyday Expenses:Groceries","Everyday Expenses","Groceries",,£6.90,£0.00,C,-£1790.15
"Amex",,,02/09/2017,"pub","Everyday Expenses:Restaurants","Everyday Expenses","Restaurants",,£7.90,£0.00,C,-£1798.05
"Amex",,,02/09/2017,"Boots","Everyday Expenses:Spending Money","Everyday Expenses","Spending Money",,£7.99,£0.00,C,-£1806.04
"Amex",,,02/09/2017,"pub","Everyday Expenses:Restaurants","Everyday Expenses","Restaurants",,£14.30,£0.00,C,-£1820.34
"Amex",,,06/09/2017,"Transfer : Current Account",,,,,£0.00,£1643.49,C,-£176.85
"Amex",,,09/09/2017,"tesco","Everyday Expenses:Groceries","Everyday Expenses","Groceries",,£36.49,£0.00,C,-£213.34
"Amex",,,10/09/2017,"tesco","Everyday Expenses:Groceries","Everyday Expenses","Groceries",,£20.17,£0.00,C,-£233.51
"Amex",,,12/09/2017,"Tfl","Everyday Expenses:Spending Money","Everyday Expenses","Spending Money",,£20.00,£0.00,C,-£253.51
"Amex",,,13/09/2017,"tesco","Everyday Expenses:Groceries","Everyday Expenses","Groceries",,£6.25,£0.00,C,-£259.76
"Amex",,,14/09/2017,"Sainsbury's","Everyday Expenses:Groceries","Everyday Expenses","Groceries",,£0.45,£0.00,C,-£260.21
"Amex",,,14/09/2017,"Tfl","Everyday Expenses:Spending Money","Everyday Expenses","Spending Money",,£2.10,£0.00,C,-£262.31
"Amex",,,14/09/2017,"amazon","Everyday Expenses:Spending Money","Everyday Expenses","Spending Money",,£4.49,£0.00,C,-£266.80
"Amex",,,16/09/2017,"Sainsbury's","Everyday Expenses:Groceries","Everyday Expenses","Groceries",,£5.35,£0.00,C,-£272.15
"Amex",,,16/09/2017,"Tfl","Everyday Expenses:Spending Money","Everyday Expenses","Spending Money",,£9.60,£0.00,C,-£281.75
"Amex",,,17/09/2017,"Uber","Everyday Expenses:Spending Money","Everyday Expenses","Spending Money",,£17.25,£0.00,C,-£299.00
"Amex",,,18/09/2017,"Waitrose","Everyday Expenses:Groceries","Everyday Expenses","Groceries",,£0.84,£0.00,C,-£299.84
"Amex",,,18/09/2017,"?","Everyday Expenses:Spending Money","Everyday Expenses","Spending Money",,£3.10,£0.00,C,-£302.94
"Amex",,,19/09/2017,"tesco","Everyday Expenses:Groceries","Everyday Expenses","Groceries",,£3.40,£0.00,C,-£306.34
"Amex",,,21/09/2017,"Uber","Everyday Expenses:Spending Money","Everyday Expenses","Spending Money",,£9.04,£0.00,C,-£315.38
"Amex",,,23/09/2017,"Sainsbury's","Everyday Expenses:Groceries","Everyday Expenses","Groceries",,£7.05,£0.00,C,-£322.43
"Amex",,,23/09/2017,"tesco","Everyday Expenses:Groceries","Everyday Expenses","Groceries",,£11.44,£0.00,C,-£333.87
"Amex",,,26/09/2017,"tesco","Everyday Expenses:Groceries","Everyday Expenses","Groceries",,£15.93,£0.00,C,-£349.80
"Amex",,,27/09/2017,"Myprotein","Everyday Expenses:Spending Money","Everyday Expenses","Spending Money",,£28.95,£0.00,C,-£378.75
"Amex",,,28/09/2017,"Tfl","Everyday Expenses:Spending Money","Everyday Expenses","Spending Money",,£2.10,£0.00,C,-£380.85
"Amex",,,28/09/2017,"Spotify","Monthly Bills:Spotify","Monthly Bills","Spotify",,£9.99,£0.00,C,-£390.84
"Amex",,,29/09/2017,"Sainsbury's","Everyday Expenses:Spending Money","Everyday Expenses","Spending Money",,£7.30,£0.00,C,-£398.14
"Amex",,,02/10/2017,"Cineworld","Everyday Expenses:Spending Money","Everyday Expenses","Spending Money",,£1.00,£0.00,C,-£399.14
"Amex",,,03/10/2017,"amazon","Everyday Expenses:Spending Money","Everyday Expenses","Spending Money",,£16.95,£0.00,C,-£416.09
"Amex",,,06/10/2017,"Transfer : Current Account",,,,,£0.00,£378.75,C,-£37.34
"Amex",,,07/10/2017,"Ikea","Everyday Expenses:Spending Money","Everyday Expenses","Spending Money",,£162.15,£0.00,C,-£199.49
"Amex",,,09/10/2017,"tesco","Everyday Expenses:Groceries","Everyday Expenses","Groceries",,£24.09,£0.00,C,-£223.58
"Amex",,,09/10/2017,"tesco","Everyday Expenses:Fuel","Everyday Expenses","Fuel",,£50.00,£0.00,C,-£273.58
"Amex",,,11/10/2017,"UberEATS","Everyday Expenses:Restaurants","Everyday Expenses","Restaurants",,£8.59,£0.00,C,-£282.17
"Amex",,,14/10/2017,"Sainsbury's","Everyday Expenses:Groceries","Everyday Expenses","Groceries",,£6.60,£0.00,C,-£288.77
"Amex",,,15/10/2017,"Sainsbury's","Everyday Expenses:Groceries","Everyday Expenses","Groceries",,£4.80,£0.00,C,-£293.57
"Amex",,,18/10/2017,"amazon","Everyday Expenses:Spending Money","Everyday Expenses","Spending Money",,£4.99,£0.00,C,-£298.56
"Amex",,,21/10/2017,"Sainsbury's","Everyday Expenses:Groceries","Everyday Expenses","Groceries",,£0.60,£0.00,C,-£299.16
"Amex",,,22/10/2017,"tesco","Everyday Expenses:Groceries","Everyday Expenses","Groceries",,£36.83,£0.00,C,-£335.99
"Amex",,,24/10/2017,"amazon","Everyday Expenses:Spending Money","Everyday Expenses","Spending Money",,£2.99,£0.00,C,-£338.98
"Amex",,,25/10/2017,"amazon","Everyday Expenses:Spending Money","Everyday Expenses","Spending Money",,£0.00,£4.99,C,-£333.99
"Amex",,,27/10/2017,"Uber","Everyday Expenses:Spending Money","Everyday Expenses","Spending Money",,£10.97,£0.00,C,-£344.96
"Amex",,,27/10/2017,"Restaurant","Everyday Expenses:Restaurants","Everyday Expenses","Restaurants",,£100.65,£0.00,C,-£445.61
"Amex",,,28/10/2017,"Spotify","Monthly Bills:Spotify","Monthly Bills","Spotify",,£9.99,£0.00,C,-£455.60
"Amex",,,28/10/2017,"Sainsbury's","Rainy Day Funds:Birthdays","Rainy Day Funds","Birthdays",,£21.00,£0.00,C,-£476.60
"Amex",,,29/10/2017,"Sainsbury's","Everyday Expenses:Groceries","Everyday Expenses","Groceries",,£5.05,£0.00,C,-£481.65
"Amex",,,02/11/2017,"Waitrose","Everyday Expenses:Groceries","Everyday Expenses","Groceries",,£1.25,£0.00,C,-£482.90
"Amex",,,04/11/2017,"Sainsbury's","Everyday Expenses:Groceries","Everyday Expenses","Groceries",,£8.04,£0.00,C,-£490.94
"Amex",,,04/11/2017,"superdry","Everyday Expenses:Clothing","Everyday Expenses","Clothing",,£129.99,£0.00,C,-£620.93
"Amex",,,06/11/2017,"amazon","Everyday Expenses:Spending Money","Everyday Expenses","Spending Money",,£4.99,£0.00,C,-£625.92
"Amex",,,06/11/2017,"tesco","Everyday Expenses:Groceries","Everyday Expenses","Groceries",,£22.79,£0.00,C,-£648.71
"Amex",,,06/11/2017,"amazon","Savings Goals:Vacation","Savings Goals","Vacation",,£38.21,£0.00,C,-£686.92
"Amex",,,06/11/2017,"tesco","Everyday Expenses:Fuel","Everyday Expenses","Fuel",,£43.86,£0.00,C,-£730.78
"Amex",,,06/11/2017,"Hotels.com","Savings Goals:Vacation","Savings Goals","Vacation",,£209.60,£0.00,C,-£940.38
"Amex",,,07/11/2017,"Transfer : Current Account",,,,,£0.00,£333.99,C,-£606.39
"Amex",,,08/11/2017,"UberEATS","Everyday Expenses:Restaurants","Everyday Expenses","Restaurants",,£9.99,£0.00,C,-£616.38
"Amex",,,09/11/2017,"Waitrose","Everyday Expenses:Groceries","Everyday Expenses","Groceries",,£1.25,£0.00,C,-£617.63
"Amex",,,09/11/2017,"amazon","Rainy Day Funds:Birthdays","Rainy Day Funds","Birthdays",,£9.99,£0.00,C,-£627.62
"Amex",,,09/11/2017,"amazon","Rainy Day Funds:Birthdays","Rainy Day Funds","Birthdays",,£10.49,£0.00,C,-£638.11
"Amex",,,11/11/2017,"Moonpig","Rainy Day Funds:Birthdays","Rainy Day Funds","Birthdays",,£3.94,£0.00,C,-£642.05
"Amex",,,11/11/2017,"superdry","Rainy Day Funds:Birthdays","Rainy Day Funds","Birthdays",,£36.98,£0.00,C,-£679.03
"Amex",,,12/11/2017,"tesco","Everyday Expenses:Groceries","Everyday Expenses","Groceries",,£5.30,£0.00,C,-£684.33
"Amex",,,12/11/2017,"Next","Everyday Expenses:Clothing","Everyday Expenses","Clothing",,£15.05,£0.00,C,-£699.38
"Amex",,,12/11/2017,"River Island","Everyday Expenses:Clothing","Everyday Expenses","Clothing",,£35.00,£0.00,C,-£734.38
"Amex",,,12/11/2017,"Schuh","Everyday Expenses:Clothing","Everyday Expenses","Clothing",,£50.00,£0.00,C,-£784.38
"Amex",,,13/11/2017,"amazon","Everyday Expenses:Spending Money","Everyday Expenses","Spending Money",,£4.99,£0.00,C,-£789.37
"Amex",,,13/11/2017,"amazon","Everyday Expenses:Spending Money","Everyday Expenses","Spending Money",,£45.99,£0.00,C,-£835.36
"Amex",,,17/11/2017,"Sainsbury's","Everyday Expenses:Groceries","Everyday Expenses","Groceries",,£6.40,£0.00,C,-£841.76
"Amex",,,18/11/2017,"pub","Everyday Expenses:Restaurants","Everyday Expenses","Restaurants",,£15.00,£0.00,C,-£856.76
"Amex",,,20/11/2017,"tesco","Everyday Expenses:Groceries","Everyday Expenses","Groceries",,£12.28,£0.00,C,-£869.04
"Amex",,,20/11/2017,"Game","Everyday Expenses:Spending Money","Everyday Expenses","Spending Money",,£349.99,£0.00,C,-£1219.03
"Amex",,,21/11/2017,"Dip & Flip","Everyday Expenses:Restaurants","Everyday Expenses","Restaurants",,£44.00,£0.00,C,-£1263.03
"Amex",,,22/11/2017,"Five Guys","Everyday Expenses:Restaurants","Everyday Expenses","Restaurants",,£10.70,£0.00,C,-£1273.73
"Amex",,,22/11/2017,"amazon","Everyday Expenses:Spending Money","Everyday Expenses","Spending Money",,£22.67,£0.00,C,-£1296.40
"Amex",,,24/11/2017,"amazon","Everyday Expenses:Spending Money","Everyday Expenses","Spending Money",,£189.99,£0.00,C,-£1486.39
"Amex",,,25/11/2017,"Next","Everyday Expenses:Clothing","Everyday Expenses","Clothing",,£14.00,£0.00,C,-£1500.39
"Amex",,,25/11/2017,"Sports Direct","Everyday Expenses:Clothing","Everyday Expenses","Clothing",,£24.55,£0.00,C,-£1524.94
"Amex",,,26/11/2017,"amazon","Rainy Day Funds:Christmas","Rainy Day Funds","Christmas",,£61.97,£0.00,C,-£1586.91
"Amex",,,28/11/2017,"Spotify","Monthly Bills:Spotify","Monthly Bills","Spotify",,£9.99,£0.00,C,-£1596.90
"Amex",,,28/11/2017,"amazon","Rainy Day Funds:Christmas","Rainy Day Funds","Christmas",,£11.97,£0.00,C,-£1608.87
"Amex",,,28/11/2017,"amazon","Rainy Day Funds:Christmas","Rainy Day Funds","Christmas",,£147.68,£0.00,C,-£1756.55
"Amex",,,01/12/2017,"amazon","Everyday Expenses:Spending Money","Everyday Expenses","Spending Money",,£3.99,£0.00,C,-£1760.54
"Amex",,,06/12/2017,"Transfer : Current Account",,,,,£0.00,£1586.91,C,-£173.63
"Amex",,,10/12/2017,"Dan Darmstadter","Savings Goals:Vacation","Savings Goals","Vacation",,£328.52,£0.00,C,-£502.15
"Amex",,,14/12/2017,"amazon","Rainy Day Funds:Christmas","Rainy Day Funds","Christmas",,£39.58,£0.00,C,-£541.73
"Amex",,,16/12/2017,"Sainsbury's","Everyday Expenses:Groceries","Everyday Expenses","Groceries",,£1.45,£0.00,C,-£543.18
"Amex",,,18/12/2017,"amazon","Rainy Day Funds:Christmas","Rainy Day Funds","Christmas",,£12.99,£0.00,C,-£556.17
"Amex",,,18/12/2017,"amazon","Rainy Day Funds:Christmas","Rainy Day Funds","Christmas",,£52.94,£0.00,C,-£609.11
"Amex",,,18/12/2017,"amazon","Rainy Day Funds:Christmas","Rainy Day Funds","Christmas",,£55.68,£0.00,C,-£664.79
"Amex",,,19/12/2017,"McDonald's","Everyday Expenses:Restaurants","Everyday Expenses","Restaurants",,£11.48,£0.00,C,-£676.27
"Amex",,,20/12/2017,"tesco","Everyday Expenses:Groceries","Everyday Expenses","Groceries",,£1.35,£0.00,C,-£677.62
"Amex",,,21/12/2017,"amazon","Rainy Day Funds:Christmas","Rainy Day Funds","Christmas",,£77.98,£0.00,C,-£755.60
"Amex",,,22/12/2017,"tesco","Everyday Expenses:Groceries","Everyday Expenses","Groceries",,£8.00,£0.00,C,-£763.60
"Amex",,,22/12/2017,"pub","Everyday Expenses:Restaurants","Everyday Expenses","Restaurants",,£9.00,£0.00,C,-£772.60
"Amex",,,22/12/2017,"tesco","Everyday Expenses:Fuel","Everyday Expenses","Fuel",,£50.00,£0.00,C,-£822.60
"Amex",,,23/12/2017,"Just Eat","Everyday Expenses:Restaurants","Everyday Expenses","Restaurants",,£20.49,£0.00,C,-£843.09
"Amex",,,24/12/2017,"Sainsbury's","Everyday Expenses:Groceries","Everyday Expenses","Groceries",,£2.15,£0.00,C,-£845.24
"Amex",,,25/12/2017,"amazon","Rainy Day Funds:Christmas","Rainy Day Funds","Christmas",,£99.97,£0.00,C,-£945.21
"Amex",,,26/12/2017,"amazon","Rainy Day Funds:Christmas","Rainy Day Funds","Christmas",,£5.93,£0.00,C,-£951.14
"Amex",,,27/12/2017,"tesco","Everyday Expenses:Groceries","Everyday Expenses","Groceries",,£7.69,£0.00,C,-£958.83
"Amex",,,27/12/2017,"tesco","Everyday Expenses:Groceries","Everyday Expenses","Groceries",,£23.61,£0.00,C,-£982.44
"Amex",,,28/12/2017,"Spotify","Monthly Bills:Spotify","Monthly Bills","Spotify",,£9.99,£0.00,C,-£992.43
"Amex",,,28/12/2017,"amazon","Rainy Day Funds:Christmas","Rainy Day Funds","Christmas",,£31.48,£0.00,C,-£1023.91
"Amex",,,29/12/2017,"Amex","Everyday Expenses:Spending Money","Everyday Expenses","Spending Money",,£0.00,£4.21,C,-£1019.70
"Amex",,,29/12/2017,"Sainsbury's","Everyday Expenses:Groceries","Everyday Expenses","Groceries",,£2.75,£0.00,C,-£1022.45
"Amex",,,05/01/2018,"Transfer : Current Account",,,,,£0.00,£978.23,C,-£44.22
"Amex",,,27/01/2018,"Sainsbury's","Everyday Expenses:Groceries","Everyday Expenses","Groceries",,£18.55,£0.00,C,-£62.77
"Amex",,,31/01/2018,"tesco","Everyday Expenses:Fuel","Everyday Expenses","Fuel",,£50.00,£0.00,C,-£112.77
"Amex",,,02/02/2018,"McDonald's","Everyday Expenses:Restaurants","Everyday Expenses","Restaurants",,£11.58,£0.00,C,-£124.35
"Amex",,,03/02/2018,"tesco","Everyday Expenses:Groceries","Everyday Expenses","Groceries",,£7.00,£0.00,C,-£131.35
"Amex",,,03/02/2018,"Sainsbury's","Everyday Expenses:Groceries","Everyday Expenses","Groceries",,£8.85,£0.00,C,-£140.20
"Amex",,,06/02/2018,"Tfl","Everyday Expenses:Spending Money","Everyday Expenses","Spending Money",,£1.50,£0.00,C,-£141.70
"Amex",,,07/02/2018,"Transfer : Current Account",,,,,£0.00,£44.22,C,-£97.48
"Amex",,,07/02/2018,"tesco","Everyday Expenses:Groceries","Everyday Expenses","Groceries",,£9.80,£0.00,C,-£107.28
"Amex",,,08/02/2018,"Sainsbury's","Everyday Expenses:Groceries","Everyday Expenses","Groceries",,£7.00,£0.00,C,-£114.28
"Amex",,,10/02/2018,"Sainsbury's","Everyday Expenses:Groceries","Everyday Expenses","Groceries",,£8.20,£0.00,C,-£122.48
"Amex",,,10/02/2018,"tesco","Everyday Expenses:Groceries","Everyday Expenses","Groceries",,£9.55,£0.00,C,-£132.03
"Amex",,,10/02/2018,"scan","Rainy Day Funds:Emergency Fund","Rainy Day Funds","Emergency Fund",,£1449.14,£0.00,C,-£1581.17
"Amex",,,12/02/2018,"tesco","Everyday Expenses:Groceries","Everyday Expenses","Groceries",,£2.00,£0.00,C,-£1583.17
"Amex",,,12/02/2018,"Moonpig","Rainy Day Funds:Birthdays","Rainy Day Funds","Birthdays",,£3.94,£0.00,C,-£1587.11
"Amex",,,13/02/2018,"amazon","Everyday Expenses:Spending Money","Everyday Expenses","Spending Money",,£8.42,£0.00,C,-£1595.53
"Amex",,,14/02/2018,"tesco","Everyday Expenses:Groceries","Everyday Expenses","Groceries",,£19.24,£0.00,C,-£1614.77
"Amex",,,16/02/2018,"tesco","Everyday Expenses:Groceries","Everyday Expenses","Groceries",,£14.34,£0.00,C,-£1629.11
"Amex",,,17/02/2018,"Tfl","Everyday Expenses:Spending Money","Everyday Expenses","Spending Money",,£3.00,£0.00,C,-£1632.11
"Amex",,,17/02/2018,"amazon","Everyday Expenses:Spending Money","Everyday Expenses","Spending Money",,£3.99,£0.00,C,-£1636.10
"Amex",,,17/02/2018,"odeon","Everyday Expenses:Spending Money","Everyday Expenses","Spending Money",,£5.30,£0.00,C,-£1641.40
"Amex",,,18/02/2018,"steam","Everyday Expenses:Spending Money","Everyday Expenses","Spending Money",,£1.67,£0.00,C,-£1643.07
"Amex",,,18/02/2018,"amazon","Everyday Expenses:Spending Money","Everyday Expenses","Spending Money",,£4.50,£0.00,C,-£1647.57
"Amex",,,18/02/2018,"amazon","Everyday Expenses:Spending Money","Everyday Expenses","Spending Money",,£26.99,£0.00,C,-£1674.56
"Amex",,,19/02/2018,"Amex","Everyday Expenses:Spending Money","Everyday Expenses","Spending Money",,£25.00,£0.00,C,-£1699.56
"Amex",,,20/02/2018,"tesco","Everyday Expenses:Groceries","Everyday Expenses","Groceries",,£16.72,£0.00,C,-£1716.28
"Amex",,,21/02/2018,"Tfl","Everyday Expenses:Spending Money","Everyday Expenses","Spending Money",,£3.00,£0.00,C,-£1719.28
"Amex",,,21/02/2018,"Sainsbury's","Everyday Expenses:Groceries","Everyday Expenses","Groceries",,£6.00,£0.00,C,-£1725.28
"Amex",,,23/02/2018,"Gbk","Everyday Expenses:Restaurants","Everyday Expenses","Restaurants",,£16.35,£0.00,C,-£1741.63
"Amex",,,23/02/2018,"pub","Everyday Expenses:Restaurants","Everyday Expenses","Restaurants",,£19.10,£0.00,C,-£1760.73
"Amex",,,26/02/2018,"Vue","Everyday Expenses:Spending Money","Everyday Expenses","Spending Money",,£2.99,£0.00,C,-£1763.72
"Amex",,,26/02/2018,"Tfl","Everyday Expenses:Spending Money","Everyday Expenses","Spending Money",,£6.20,£0.00,C,-£1769.92
"Amex",,,26/02/2018,"pub","Everyday Expenses:Restaurants","Everyday Expenses","Restaurants",,£16.65,£0.00,C,-£1786.57
"Amex",,,01/03/2018,"Tfl","Everyday Expenses:Spending Money","Everyday Expenses","Spending Money",,£1.50,£0.00,C,-£1788.07
"Amex",,,01/03/2018,"steam","Everyday Expenses:Spending Money","Everyday Expenses","Spending Money",,£13.19,£0.00,C,-£1801.26
"Amex",,,03/03/2018,"Sainsbury's","Everyday Expenses:Groceries","Everyday Expenses","Groceries",,£2.60,£0.00,C,-£1803.86
"Amex",,,03/03/2018,"Sainsbury's","Everyday Expenses:Groceries","Everyday Expenses","Groceries",,£7.35,£0.00,C,-£1811.21
"Amex",,,05/03/2018,"amazon","Everyday Expenses:Spending Money","Everyday Expenses","Spending Money",,£13.99,£0.00,C,-£1825.20
"Amex",,,06/03/2018,"Transfer : Current Account",,,,,£0.00,£1699.56,C,-£125.64
"Amex",,,28/03/2018,"Spotify","Monthly Bills:Spotify","Monthly Bills","Spotify",,£9.99,£0.00,C,-£135.63
"Halifax Clarity Mastercard",,,25/07/2015,"Starting Balance","Pre-YNAB Debt:Halifax Clarity Mastercard","Hidden Categories","Pre-YNAB Debt ` Halifax Clarity Mastercard ` MasterCategory/__PreYNABDebtMaster__",,£28.45,£0.00,C,-£28.45
"Halifax Clarity Mastercard",,,27/07/2015,"Transfer : Current Account",,,,,£0.00,£28.45,C,£0.00
"Halifax Clarity Mastercard",,,12/06/2016,"Transfer : Current Account",,,,,£0.00,£548.05,C,£548.05
"Halifax Clarity Mastercard",,,12/06/2016,"Transfer : Current Account",,,,,£0.00,£78.29,C,£626.34
"Halifax Clarity Mastercard",,,12/06/2016,"ATM","Savings Goals:Vacation","Savings Goals","Vacation",,£78.29,£0.00,C,£548.05
"Halifax Clarity Mastercard",,,12/06/2016,"Hotel Eva","Savings Goals:Vacation","Savings Goals","Vacation",,£548.05,£0.00,C,£0.00
"Halifax Clarity Mastercard",,,15/06/2016,"Transfer : Current Account",,,,,£0.00,£158.24,C,£158.24
"Halifax Clarity Mastercard",,,15/06/2016,"ATM","Savings Goals:Vacation","Savings Goals","Vacation",,£158.24,£0.00,C,£0.00
"Halifax Clarity Mastercard",,,17/06/2016,"ATM","Savings Goals:Vacation","Savings Goals","Vacation",,£79.42,£0.00,C,-£79.42
"Halifax Clarity Mastercard",,,18/06/2016,"Transfer : Current Account",,,,,£0.00,£79.42,C,£0.00
"Halifax Clarity Mastercard",,,20/04/2017,"Transfer : Current Account",,,,,£0.00,£344.46,C,£344.46
"Halifax Clarity Mastercard",,,20/04/2017,"Transfer : Current Account",,,,,£0.00,£168.85,C,£513.31
"Halifax Clarity Mastercard",,,20/04/2017,"ATM","Savings Goals:Vacation","Savings Goals","Vacation",,£168.27,£0.00,C,£345.04
"Halifax Clarity Mastercard",,,20/04/2017,"Hotel Sol","Savings Goals:Vacation","Savings Goals","Vacation",,£342.15,£0.00,C,£2.89
"Halifax Clarity Mastercard",,,22/04/2017,"ATM","Savings Goals:Vacation","Savings Goals","Vacation",,£167.72,£0.00,C,-£164.83
"Halifax Clarity Mastercard",,,23/04/2017,"ATM","Savings Goals:Vacation","Savings Goals","Vacation",,£83.86,£0.00,C,-£248.69
"Halifax Clarity Mastercard",,,24/04/2017,"Transfer : Current Account",,,,,£0.00,£83.70,C,-£164.99
"Halifax Clarity Mastercard",,,25/04/2017,"Transfer : Current Account",,,,,£0.00,£167.74,C,£2.75
"Halifax Clarity Mastercard",,,04/08/2017,"McDonald's","Everyday Expenses:Restaurants","Everyday Expenses","Restaurants",,£8.52,£0.00,C,-£5.77
"Halifax Clarity Mastercard",,,04/08/2017,"ATM","Savings Goals:Vacation","Savings Goals","Vacation",,£106.81,£0.00,C,-£112.58
"Halifax Clarity Mastercard",,,07/08/2017,"Transfer : Current Account",,,,,£0.00,£105.16,C,-£7.42
"Halifax Clarity Mastercard",,,07/08/2017,"Duty Free","Savings Goals:Vacation","Savings Goals","Vacation",,£14.30,£0.00,C,-£21.72
"Halifax Clarity Mastercard",,,07/08/2017,"H&M","Everyday Expenses:Clothing","Everyday Expenses","Clothing",,£17.05,£0.00,C,-£38.77
"Halifax Clarity Mastercard",,,09/08/2017,"Transfer : Current Account",,,,,£0.00,£38.77,C,£0.00
"Halifax Clarity Mastercard",,,02/09/2017,"ATM","Savings Goals:Vacation","Savings Goals","Vacation",,£184.40,£0.00,C,-£184.40
"Halifax Clarity Mastercard",,,04/09/2017,"Transfer : Current Account",,,,,£0.00,£184.01,C,-£0.39
"Halifax Clarity Mastercard",,,04/09/2017,"Transfer : Current Account",,,,,£0.00,£138.00,C,£137.61
"Halifax Clarity Mastercard",,,04/09/2017,"Transfer : Current Account",,,,,£0.00,£92.39,C,£230.00
"Halifax Clarity Mastercard",,,04/09/2017,"ATM","Savings Goals:Vacation","Savings Goals","Vacation",,£92.19,£0.00,C,£137.81
"Halifax Clarity Mastercard",,,05/09/2017,"clothing shop","Everyday Expenses:Clothing","Everyday Expenses","Clothing",,£27.48,£0.00,C,£110.33
"Halifax Clarity Mastercard",,,05/09/2017,"ATM","Savings Goals:Vacation","Savings Goals","Vacation",,£138.18,£0.00,C,-£27.85
"Halifax Clarity Mastercard",,,06/09/2017,"ATM","Savings Goals:Vacation","Savings Goals","Vacation",,£183.25,£0.00,C,-£211.10
"Halifax Clarity Mastercard",,,08/09/2017,"ATM","Savings Goals:Vacation","Savings Goals","Vacation",,£46.02,£0.00,C,-£257.12
"Halifax Clarity Mastercard",,,08/09/2017,"ATM","Savings Goals:Vacation","Savings Goals","Vacation",,£92.03,£0.00,C,-£349.15
"Halifax Clarity Mastercard",,,09/09/2017,"Transfer : Current Account",,,,,£0.00,£211.10,C,-£138.05
"Halifax Clarity Mastercard",,,12/09/2017,"Transfer : Current Account",,,,,£0.00,£138.05,C,£0.00
"Halifax Clarity Mastercard",,,25/09/2017,"interest","Everyday Expenses:Spending Money","Everyday Expenses","Spending Money",,£0.23,£0.00,C,-£0.23
"Halifax Clarity Mastercard",,,27/09/2017,"Transfer : Current Account",,,,,£0.00,£0.23,C,£0.00
"Halifax Clarity Mastercard",,,01/12/2017,"airport","Everyday Expenses:Spending Money","Everyday Expenses","Spending Money",,£2.61,£0.00,C,-£2.61
"Halifax Clarity Mastercard",,,01/12/2017,"Burger King","Everyday Expenses:Restaurants","Everyday Expenses","Restaurants",,£7.34,£0.00,C,-£9.95
"Halifax Clarity Mastercard",,,03/12/2017,"lambeau field","Everyday Expenses:Restaurants","Everyday Expenses","Restaurants",,£7.08,£0.00,C,-£17.03
"Halifax Clarity Mastercard",,,04/12/2017,"which wich","Everyday Expenses:Restaurants","Everyday Expenses","Restaurants",,£7.65,£0.00,C,-£24.68
"Halifax Clarity Mastercard",,,04/12/2017,"Restaurant","Everyday Expenses:Restaurants","Everyday Expenses","Restaurants",,£11.72,£0.00,C,-£36.40
"Halifax Clarity Mastercard",,,04/12/2017,"pub","Everyday Expenses:Restaurants","Everyday Expenses","Restaurants",,£17.20,£0.00,C,-£53.60
"Halifax Clarity Mastercard",,,05/12/2017,"starbucks","Everyday Expenses:Restaurants","Everyday Expenses","Restaurants",,£2.88,£0.00,C,-£56.48
"Halifax Clarity Mastercard",,,05/12/2017,"jerky store","Everyday Expenses:Spending Money","Everyday Expenses","Spending Money",,£6.72,£0.00,C,-£63.20
"Halifax Clarity Mastercard",,,05/12/2017,"pub","Everyday Expenses:Restaurants","Everyday Expenses","Restaurants",,£7.48,£0.00,C,-£70.68
"Halifax Clarity Mastercard",,,06/12/2017,"lambeau field","Savings Goals:Vacation","Savings Goals","Vacation",,£80.15,£0.00,C,-£150.83
"Halifax Clarity Mastercard",,,09/12/2017,"kohls","Everyday Expenses:Clothing","Everyday Expenses","Clothing",,£19.75,£0.00,C,-£170.58
"Halifax Clarity Mastercard",,,09/12/2017,"pub","Everyday Expenses:Restaurants","Everyday Expenses","Restaurants",,£35.18,£0.00,C,-£205.76
"Halifax Clarity Mastercard",,,09/12/2017,"pub","Everyday Expenses:Restaurants","Everyday Expenses","Restaurants",,£37.63,£0.00,C,-£243.39
"Halifax Clarity Mastercard",,,11/12/2017,"al's beef","Everyday Expenses:Restaurants","Everyday Expenses","Restaurants",,£9.20,£0.00,C,-£252.59
"Halifax Clarity Mastercard",,,11/12/2017,"pub","Everyday Expenses:Restaurants","Everyday Expenses","Restaurants",,£68.90,£0.00,C,-£321.49
"Halifax Clarity Mastercard",,,12/12/2017,"starbucks","Everyday Expenses:Restaurants","Everyday Expenses","Restaurants",,£3.30,£0.00,C,-£324.79
"Halifax Clarity Mastercard",,,12/12/2017,"shake shack","Everyday Expenses:Restaurants","Everyday Expenses","Restaurants",,£10.94,£0.00,C,-£335.73
"Halifax Clarity Mastercard",,,12/12/2017,"north face","Everyday Expenses:Clothing","Everyday Expenses","Clothing",,£26.91,£0.00,C,-£362.64
"Halifax Clarity Mastercard",,,12/12/2017,"lou malnati's","Everyday Expenses:Restaurants","Everyday Expenses","Restaurants",,£40.75,£0.00,C,-£403.39
"Halifax Clarity Mastercard",,,12/12/2017,"city pass","Savings Goals:Vacation","Savings Goals","Vacation",,£151.34,£0.00,C,-£554.73
"Halifax Clarity Mastercard",,,13/12/2017,"portillos","Everyday Expenses:Restaurants","Everyday Expenses","Restaurants",,£4.23,£0.00,C,-£558.96
"Halifax Clarity Mastercard",,,13/12/2017,"cheesecake factory","Everyday Expenses:Restaurants","Everyday Expenses","Restaurants",,£50.03,£0.00,C,-£608.99
"Halifax Clarity Mastercard",,,14/12/2017,"starbucks","Everyday Expenses:Restaurants","Everyday Expenses","Restaurants",,£3.31,£0.00,C,-£612.30
"Halifax Clarity Mastercard",,,14/12/2017,"Duty Free","Savings Goals:Vacation","Savings Goals","Vacation",,£29.68,£0.00,C,-£641.98
"Halifax Clarity Mastercard",,,15/12/2017,"Souvenir Shop","Savings Goals:Vacation","Savings Goals","Vacation",,£39.74,£0.00,C,-£681.72
"Halifax Clarity Mastercard",,,15/12/2017,"Uber","Everyday Expenses:Spending Money","Everyday Expenses","Spending Money",,£44.28,£0.00,C,-£726.00
"Halifax Clarity Mastercard",,,15/12/2017,"pub","Everyday Expenses:Restaurants","Everyday Expenses","Restaurants",,£63.86,£0.00,C,-£789.86
"Halifax Clarity Mastercard",,,18/12/2017,"Transfer : Current Account",,,,,£0.00,£780.39,C,-£9.47
"Halifax Clarity Mastercard",,,25/12/2017,"Transfer : Current Account",,,,,£0.00,£9.47,C,£0.00
"Halifax Clarity Mastercard",,,03/01/2018,"coinbase","Rainy Day Funds:crypto","Rainy Day Funds","crypto",,£100.00,£0.00,C,-£100.00
"Halifax Clarity Mastercard",,,17/01/2018,"Transfer : Current Account",,,,,£0.00,£100.00,U,£0.00
"Monzo",,,22/11/2016,"Transfer : Current Account",,,,,£0.00,£100.00,C,£100.00
"Monzo",,,22/11/2016,"Starting Balance","Income:Available this month","Income","Available this month",,£0.00,£0.00,C,£100.00
"Monzo",,,04/12/2016,"Sainsbury's","Everyday Expenses:Groceries","Everyday Expenses","Groceries",,£7.95,£0.00,C,£92.05
"Monzo",,,06/12/2016,"Sainsbury's","Everyday Expenses:Groceries","Everyday Expenses","Groceries",,£9.85,£0.00,C,£82.20
"Monzo",,,09/12/2016,"Sainsbury's","Everyday Expenses:Groceries","Everyday Expenses","Groceries",,£6.60,£0.00,C,£75.60
"Monzo",,,10/12/2016,"Sainsbury's","Everyday Expenses:Groceries","Everyday Expenses","Groceries",,£4.75,£0.00,C,£70.85
"Monzo",,,13/12/2016,"Sainsbury's","Everyday Expenses:Groceries","Everyday Expenses","Groceries",,£8.55,£0.00,C,£62.30
"Monzo",,,19/12/2016,"tesco","Everyday Expenses:Groceries","Everyday Expenses","Groceries",,£0.50,£0.00,C,£61.80
"Monzo",,,20/12/2016,"German Doner Kebab","Everyday Expenses:Restaurants","Everyday Expenses","Restaurants",,£6.99,£0.00,C,£54.81
"Monzo",,,20/12/2016,"tesco","Everyday Expenses:Groceries","Everyday Expenses","Groceries",,£10.40,£0.00,C,£44.41
"Monzo",,,21/12/2016,"Sainsbury's","Everyday Expenses:Groceries","Everyday Expenses","Groceries",,£4.59,£0.00,C,£39.82
"Monzo",,,27/12/2016,"Sainsbury's","Everyday Expenses:Groceries","Everyday Expenses","Groceries",,£7.45,£0.00,C,£32.37
"Monzo",,,03/01/2017,"Costa","Everyday Expenses:Spending Money","Everyday Expenses","Spending Money",,£6.05,£0.00,C,£26.32
"Monzo",,,08/01/2017,"Sainsbury's","Everyday Expenses:Groceries","Everyday Expenses","Groceries",,£10.65,£0.00,C,£15.67
"Monzo",,,26/06/2017,"Omer","Everyday Expenses:Spending Money","Everyday Expenses","Spending Money",,£10.00,£0.00,C,£5.67
"Monzo",,,19/07/2017,"Omer","Everyday Expenses:Spending Money","Everyday Expenses","Spending Money",,£2.00,£0.00,C,£3.67
"revolut",,,04/01/2018,"Transfer : Current Account",,,,,£0.00,£100.00,C,£100.00
"revolut",,,05/01/2018,"Starting Balance","Income:Available this month","Income","Available this month",,£0.00,£0.00,C,£100.00
"revolut",,,05/01/2018,"coinbase","Rainy Day Funds:crypto","Rainy Day Funds","crypto",,£100.00,£0.00,C,£0.00
